2034 3108
322 160 378 190 LX
1018 159 1245 185 PRmJEMIVM.

320 270 465 301 storicam
491 278 684 309 magnopere
708 268 841 299 adiuvit.
875 273 905 300 et
930 272 1109 309 poctarum,
1143 279 1221 309 quos
1245 269 1401 310 Corippus
1426 270 1558 309 legisse.
1591 270 1767 311 expilasse.
1801 270 1942 301 imitatus

321 340 391 360 esse
423 328 561 365 videtur,
597 327 680 359 locos
704 328 747 358 ita
772 328 915 367 collegit.
950 332 983 359 ut
1012 338 1074 359 uon
1105 329 1196 359 modo
1224 329 1398 360 litterarum
1427 329 1577 360 historiae
1606 329 1758 360 studiosis
1790 329 1941 360 iudicium

319 389 357 420 de
382 392 493 428 poetae
517 387 645 427 ingenio
670 391 850 428 promptum
874 392 905 418 et
927 392 1072 428 apertum
1096 392 1191 419 esset.
1219 388 1275 419 sed
1298 388 1393 419 etiam
1417 388 1632 419 emendationi
1656 388 1847 419 Iohannidos
1867 389 1943 419 sub-

319 448 403 479 sidia
433 446 562 478 aliunde
593 446 694 478 accita
724 451 921 487 pararentur.
969 446 1093 484 Quibus
1123 447 1238 478 studiis
1268 452 1301 478 ut
1331 457 1364 479 se
1388 448 1491 488 ipsum
1515 448 1558 478 ad
1581 447 1711 488 Corippi
1735 448 1942 479 Iohanuidem

319 506 546 539 recensendam
571 506 700 545 egregie
723 507 920 538 accinxerat.
954 507 997 537 ita
1028 507 1100 537 aliis
1132 507 1215 537 viam
1240 507 1379 538 criticam
1404 507 1549 538 munivit.
1597 507 1633 538 A.
1665 508 1743 537 1530
1767 507 1867 538 altera
1892 507 1944 538 Io-

319 566 474 598 hannidos
498 565 595 597 editio
619 566 803 607 comparuit.
832 566 1034 597 Bekkeriana
1059 566 1188 607 Corpori
1212 566 1399 606 scriptorum
1424 566 1573 597 historiae
1590 566 1786 606 Byzantinae
1811 566 1939 597 inserta-

320 627 480 657 Debemus
504 625 576 656 huic
608 625 783 657 recensioni
814 625 1047 656 enuntiatorum
1078 625 1313 656 distinctionem
1338 626 1435 656 multo
1465 626 1638 657 meliorem.
1678 629 1798 657 textum
1827 626 1943 657 deinde

319 686 490 725 diligenter
518 689 686 725 purgatum
718 689 749 716 et
780 685 968 725 perpolitum
993 685 1188 716 Laehmanni
1218 689 1248 716 et
1280 685 1418 716 Bekkeri
1450 686 1549 716 curis.
1590 685 1644 725 qui
1675 685 1863 716 coniecturis
1894 685 1944 715 111-

319 745 458 785 geniosis
492 754 588 785 saepe
620 744 749 785 Corippi
780 745 875 775 verba
907 745 1046 785 genuina
1077 744 1276 775 librariorum
1308 745 1511 785 neglegentia
1542 746 1694 776 offuscata
1725 745 1938 782 restituerunt,

318 804 509 844 aliquotiens
532 804 634 844 ipsius
657 804 775 835 codicis
798 804 990 835 'l'rivultiani
1019 804 1186 835 lectionem
1217 814 1236 835 a
1268 804 1367 845 primo
1392 804 1512 835 editore
1537 814 1647 845 parum
1671 808 1870 845 perspectam
1895 803 1944 834 di-

320 865 477 896 vinarunt.
527 863 685 902 Bekkero⁷
713 873 806 903 quem
830 867 944 895 natura
967 864 1112 895 acumine
1137 874 1267 894 summo.
1297 873 1352 894 sua
1378 863 1531 894 industria
1557 863 1732 895 eruditione
1757 863 1943 904 plenissima

318 928 501 955 ornaverat.
533 933 628 953 unum
651 923 683 954 in
708 923 797 954 libris
820 923 951 964 Con'ppi
975 923 1177 955 recensendis
1203 923 1318 954 defuit:
1355 923 1500 954 codicum
1524 934 1541 954 a
1566 924 1653 954 nullo
1677 933 1814 963 unquam
1839 923 1899 954 nisi
1925 934 1941 953 a

318 984 428 1025 primis
454 983 629 1014 editoribus
652 983 864 1023 inspectorum
888 993 969 1013 nova
995 983 1133 1013 0011111111.
1174 983 1274 1013 Nemo
1299 993 1436 1022 unquam
1454 983 1583 1023 Corippi
1607 983 1703 1013 libros
1720 982 1807 1023 legit.
1835 982 1910 1021 quin
1927 994 1943 1013 0

319 1044 407 1075 libris
431 1042 654 1082 manuscriptis
678 1042 791 1073 iterum
815 1043 958 1073 excussis
982 1043 1117 1073 fructum
1142 1042 1227 1073 haud
1251 1042 1353 1073 levem
1378 1046 1561 1083 perceptum
1585 1042 1624 1073 iri
1646 1042 1706 1073 sibi
1723 1041 1939 1082 persuaderet.

318 1104 385 1134 Nee
414 1106 489 1143 puto
519 1102 591 1142 plus
622 1102 704 1133 iusto
736 1102 812 1133 mihi
843 1112 968 1133 sumere
1001 1112 1071 1133 eam
1100 1112 1187 1143 spem
1212 1102 1406 1133 contendens
1436 1111 1496 1132 non
1528 1112 1641 1132 vanam
1674 1101 1790 1132 fuisse.
1827 1101 1943 1141 quique

318 1162 433 1194 deinde
458 1162 597 1193 earmina
622 1162 701 1193 baec
724 1161 852 1193 infimae
877 1171 953 1192 sane
977 1162 1109 1192 aetatis.
1145 1161 1202 1193 sed
1233 1161 1326 1202 pretii
1358 1172 1418 1193 non
1450 1161 1549 1192 infimi
1573 1161 1768 1192 tractabunt.
1804 1164 1888 1192 certo
1913 1164 1943 1191 et

319 1222 427 1254 stabili
451 1221 659 1252 fundamento
683 1231 794 1252 usuros
819 1230 901 1252 esse.
929 1231 990 1260 quo
1013 1220 1119 1252 adhuc
1145 1221 1249 1252 studia
1274 1221 1429 1262 Corippea
1456 1225 1635 1252 caruerunt.

405 1453 471 1483 Iam
496 1462 590 1492 opere
614 1451 758 1483 absoluto
783 1451 877 1482 finem
902 1451 1061 1482 scribendi
1085 1451 1139 1490 qui
1163 1451 1295 1489 faciam⁷
1323 1451 1384 1481 nisi
1408 1451 1571 1483 omnibus,
1598 1450 1651 1491 qui
1675 1450 1707 1481 in
1731 1450 1868 1491 Corippo
1892 1460 1942 1480 re-

319 1512 493 1551 censendo,
529 1510 737 1552 explicando,
771 1510 971 1542 emendando
995 1521 1045 1542 me
1068 1511 1277 1549 adiuverunt⁷
1312 1510 1433 1550 gratias
1461 1509 1587 1551 publice
1611 1510 1770 1541 dixerim?
1814 1509 1943 1540 Praeter

319 1576 442 1604 ceteros
466 1572 549 1602 viros
573 1570 788 1602 nobilissimos
813 1574 843 1601 et
861 1569 1071 1602 doctissimos.
1099 1579 1177 1610 quos
1195 1580 1251 1601 suo
1267 1579 1424 1610 quemque
1440 1569 1594 1610 prooemii
1610 1569 1679 1600 loeo
1695 1569 1739 1599 ita
1757 1568 1939 1606 memoravi,

320 1636 369 1672 ut,
405 1631 481 1672 quid
505 1631 547 1662 ad
570 1631 651 1661 hane
675 1630 848 1661 editionem
871 1629 1053 1669 augendam
1078 1629 1262 1668 contulerit,
1289 1633 1474 1670 appareret.
1502 1639 1598 1659 unum
1623 1638 1662 1660 ex
1686 1628 1798 1659 amieis
1821 1628 1945 1659 Vratis-

320 1691 517 1723 laviensibus
548 1690 623 1730 quin
653 1693 744 1730 grato
774 1689 880 1720 animo
911 1689 961 1720 hie
992 1688 1149 1720 nominem
1180 1688 1285 1720 faeere
1316 1698 1379 1720 non
1409 1698 1556 1729 possum.
1593 1688 1761 1727 Hugonem
1792 1687 1940 1725 MichaeL

319 1751 481 1792 gymnasii
504 1749 713 1781 Fridericiani
737 1740 984 1790 praeceptorem.
1034 1748 1175 1786 Quocum
1206 1748 1239 1779 111
1270 1748 1364 1779 rebus
1388 1747 1622 1779 difficilioribus
1646 1750 1767 1778 tantum
1791 1757 1853 1778 non
1876 1756 1944 1777 om-

319 1811 412 1842 nibus
443 1814 506 1841 tam
537 1820 633 1850 saepe
663 1809 830 1840 consilium
863 1809 997 1846 contuli,
1032 1812 1065 1839 ut
1088 1818 1191 1847 neque
1215 1807 1363 1839 edit-ionis
1387 1807 1521 1838 librum.
1555 1816 1614 1838 1100
1643 1806 1796 1847 prooemii
1820 1809 1941 1847 partem

319 1871 417 1901 ullam
441 1870 592 1901 denotare
616 1869 746 1909 possim,
772 1869 804 1899 in
828 1878 891 1908 qua
915 1868 983 1899 eius
1007 1867 1162 1898 auxilium
1185 1867 1263 1898 mihi
1287 1866 1435 1898 defuerit.

404 1930 466 1960 Tot
495 1932 653 1960 tantorum
683 1928 820 1959 virorum
851 1927 933 1959 euris
962 1927 1128 1959 benevolis
1152 1937 1191 1958 ne
1215 1926 1347 1966 indigna
1370 1926 1500 1957 editoris
1524 1925 1629 1957 studia
1653 1925 1836 1964 rideantur,
1871 1927 1942 1966 opto

319 1993 349 2021 et
373 1999 437 2020 oro.

404 2064 617 2096 Vratislaviae
640 2064 751 2096 Idibus
774 2064 963 2096 Octobribus
986 2073 1016 2094 a.
1046 2063 1138 2093 1879.

1465 2136 1641 2185 losephus
1671 2135 1836 2174 Partsch.
