2034 3108
319 173 392 204 XVI
1026 167 1253 194 PROOEMIVM.

321 286 479 315 Germano
514 293 543 313 a.
576 284 635 312 5:37
668 281 709 312 ad
743 281 850 313 Cellas
880 280 987 311 Vatari
999 281 1024 299 ⁶⁵
1068 279 1196 319 fugatus
1227 279 1348 319 aliquot
1376 287 1474 309 annos
1506 277 1537 308 in
1562 277 1757 308 Mauretania
1790 278 1941 319 latuitssss).

322 344 521 382 Quamquam
550 352 587 373 ne
612 342 711 383 prima
736 340 863 381 quidem
888 339 966 370 baec
991 339 1213 379 Byzantiorum
1238 337 1461 369 dominationis
1484 341 1624 378 tempora
1656 337 1944 378 perturbationibus

322 403 447 434 bellicis
475 401 604 433 omnino
635 403 818 438 caruerant,
861 403 967 430 tamen
998 403 1107 440 postea
1138 398 1204 429 At'ri
1237 397 1471 429 calamitatibus
1503 397 1657 429 continuis
1688 397 1783 428 mersi
1813 398 1943 429 summis

323 463 471 493 laudibus
497 471 650 492 annornm
674 460 799 491 illorum
824 459 1007 490 felicitatem
1033 458 1298 498 celebrabantfflj.

413 521 579 559 Miseriae,
607 530 687 561 quae
712 519 839 550 Africae
862 518 1063 549 imminebat.
1092 518 1183 557 quasi
1206 517 1335 549 nuntius
1359 517 1478 558 primus
1501 521 1532 549 et
1555 520 1664 548 auctor
1687 517 1814 548 morbus
1838 518 1944 559 perni-

323 582 414 612 cialis
438 580 626 621 comparuit.
674 579 843 619 Inguinum
868 578 951 609 enini
975 577 1157 618 pestilentia
1182 577 1248 613 illa,
1276 587 1357 617 quae
1382 588 1411 608 a.
1433 579 1489 607 541
1515 577 1547 608 in
1571 577 1716 618 Aegypto
1741 580 1806 608 orta
1831 587 1862 608 a.
1881 579 1942 608 542

324 642 419 673 Asiae
452 640 632 681 provincias
662 643 693 670 et
723 638 847 679 imperii
878 638 985 669 sedem
1010 637 1315 678 Constantinopolim
1347 639 1584 674 vexavel·at⁶²·],
1620 636 1823 668 Occidentem
1848 637 1942 669 etiam

323 705 422 733 totum
450 700 603 741 pervasit.
652 700 754 739 Atque
785 699 816 729 in
846 698 984 728 Africam
1016 697 1142 737 quidem
1174 707 1214 728 ex
1245 697 1392 738 Aegypto
1423 707 1484 728 non
1516 700 1601 728 reeta
1631 697 1683 727 via
1714 706 1769 737 per
1798 697 1942 738 Cyrenae

325 761 528 801 Syrtiumque
560 769 630 790 oras
661 758 759 799 pestis
792 757 983 799 processisse
1015 757 1200 788 videtin-⁶⁴³.
1250 756 1370 788 Gentes
1395 757 1479 788 enim
1503 756 1678 795 Mauricas,
1713 766 1794 797 quae
1818 757 1943 798 Byzan-

323 821 436 852 tiorum
460 819 628 861 provinciis
652 818 809 850 Africanis
832 817 1078 855 iuteriacebant,
1105 827 1124 847 a
1147 816 1329 857 pestilentia
1355 817 1511 847 immunes
1534 816 1689 847 mansisse
1714 816 1869 857 Corippus
1895 820 1943 848 te-

326 884 425 912 statur
436 881 484 919 ⁷0).
528 879 601 910 Veri
624 878 722 919 igitur
746 878 951 908 simillimum.
979 886 1018 907 ne
1042 876 1143 907 dicam
1169 880 1297 915 eertum,
1325 880 1382 913 est,
1411 880 1445 907 ut
1468 876 1500 907 in
1524 876 1660 907 Italiam.
1687 876 1731 907 ita
1754 876 1785 907 in
1802 876 1941 908 Africam

326 940 425 971 morbi
458 949 566 970 semen
590 937 863 978 Constantinopoli
886 937 1072 968 translatum
1097 945 1177 967 esse.
1227 936 1314 973 Quae
1346 936 1420 967 urbs
1449 946 1519 967 cum
1551 946 1625 967 vere
1655 939 1687 967 et
1716 939 1837 968 aestate
1868 936 1943 967 anui

327 1002 388 1030 542
413 998 639 1039 aegrotaverit,
674 1000 795 1038 pestem
820 996 930 1028 eodem
956 996 1061 1026 forsan
1084 1006 1167 1027 anno
1191 996 1317 1027 Africae
1341 1006 1429 1027 oram
1453 995 1640 1027 maritimam
1665 996 1826 1036 attigisse,
1860 1006 1943 1027 anno

417 1130 456 1153 [551
479 1130 533 1152 Cor.
556 1129 606 1151 Ioh.
623 1126 721 1150 111316
886 1125 890 1130 '
947 1126 1071 1155 similique
1092 1127 1154 1148 viros
1175 1127 1266 1148 virtute
1286 1126 1388 1148 necabas

738 1170 858 1193 Germano
878 1172 1006 1198 spargente
1028 1169 1107 1191 ferum
1127 1169 1270 1197 victumque
1290 1171 1432 1196 tyrannum.

739 1216 763 1235 te
783 1212 862 1235 Cellas
882 1212 966 1234 Vatari
987 1212 1047 1234 miro
1066 1212 1193 1241 spectabat
1212 1218 1305 1237 amore.

738 1258 762 1277 te
782 1255 887 1277 Autenti
907 1261 992 1277 saevos
1012 1258 1160 1277 mactantem
1181 1254 1275 1276 viderat
1294 1254 1384 1277 hostes.

326 1301 393 1323 Prov.
416 1301 437 1322 b.
463 1300 542 1321 Vand.
565 1299 586 1320 ll
610 1298 638 1321 17
664 1297 687 1322 οἱ
712 1301 845 1321 στασιῶται
875 1302 894 1324 [e
914 1299 1011 1326 regione
1031 1297 1237 1326 Carthaginiensi)
1266 1295 1428 1330 ἀνεχώρησαν
1454 1296 1478 1323 ἔς
1495 1304 1520 1320 τε
1541 1293 1669 1329 Νουμίῦας
1688 1295 1842 1329 ἀπήλαυνον.
1882 1295 1943 1321 ἔνθα

326 1342 368 1366 καὶ
389 1341 401 1366 ὁ
422 1340 550 1374 Γερμανὸς
570 1340 641 1364 παντὶ
659 1340 694 1373 τῷ
715 1340 812 1373 στρατῷ
838 1338 884 1363 σὺν.
903 1338 928 1366 ἐς
949 1339 1046 1372 prm-polu
1066 1337 1137 1371 ἦλθε.
1177 1337 1327 1371 καταλαβών
1346 1348 1372 1363 τε
1390 1338 1448 1366 τοὺς
1469 1338 1593 1365 ἐναντίους
1614 1338 1638 1362 ἐν
1657 1338 1758 1372 χωρίῳ,
1787 1339 1798 1363 ὃ
1819 1338 1849 1373 δὴ
1871 1337 1943 1364 Καλ-

327 1384 483 1417 λαςβάταρας
508 1383 613 1408 καλοῦσι
635 1380 774 1415 ΐΡωμαῖοι,
803 1382 833 1406 τὰ
853 1381 877 1409 ἐς
895 1382 941 1415 τὴν
962 1380 1095 1415 παράταξιν
1116 1381 1257 1414 ἐξηρτύετο.
1296 1383 1324 1405 111
1345 1383 1452 1405 Tabulae
1472 1383 1543 1404 Peut.
1564 1389 1641 1410 Segm.
1664 1382 1697 1404 ΙΙΙ
1718 1382 1735 1404 F
1756 1383 1885 1405 Numidiae
1905 1384 1942 1406 vi-

327 1436 370 1451 cus
390 1429 473 1450 Vatari
494 1428 647 1450 nominatur.
675 1428 745 1448 cuius
765 1426 853 1448 rudera
872 1432 945 1454 prope
974 1425 1187 1454 ‘Fedj-Sonioud,
1210 1432 1251 1447 sur
1270 1426 1292 1447 le
1312 1428 1410 1447 versant
1430 1425 1613 1448 nord-nord-est
1631 1425 1665 1447 du
1684 1426 1725 1454 Dj.
1748 1426 1878 1454 Terguelt⁴
1905 1427 1943 1448 in-

327 1473 424 1493 venisse
450 1471 496 1493 sibi
522 1471 588 1492 visus
613 1473 651 1492 est
677 1469 777 1491 Dewult‘
801 1469 926 1490 Annuaire
953 1468 982 1490 de
1003 1469 1024 1490 la
1044 1475 1091 1491 soc.
1113 1468 1178 1490 arch.
1200 1468 1229 1490 de
1248 1469 1270 1490 la
1290 1475 1357 1497 prov.
1380 1468 1409 1490 de
1430 1467 1592 1490 Constantine
1615 1467 1677 1491 1568
1696 1475 1720 1497 p.
1743 1467 1886 1492 210—213.
1909 1483 1943 1486 —

329 1514 428 1543 Pugnae
453 1513 516 1543 apud
542 1513 680 1540 Autentos,
709 1512 805 1539 Byzaoii
829 1511 946 1540 oppidum
977 1512 1014 1534 (It.
1037 1512 1096 1534 Ant.
1118 1518 1142 1540 p.
1164 1510 1205 1539 46,
1229 1511 1241 1533 7
1261 1511 1299 1534 W.
1328 1511 1382 1534 Not.
1406 1517 1471 1540 prox‘.
1495 1510 1552 1538 Byz.
1577 1510 1651 1539 104),
1680 1512 1823 1533 commissae
1847 1514 1944 1541 praeter

329 1557 461 1586 Corippum
483 1556 629 1585 scriptorum
650 1561 720 1577 nemo
740 1555 889 1576 mentionem
910 1554 976 1576 fecit.
1016 1554 1105 1576 Parum
1126 1554 1200 1582 igitur
1219 1556 1322 1581 constat,
1345 1556 1428 1576 utrum
1449 1553 1562 1581 Stutiam,
1584 1560 1613 1575 an
1633 1557 1720 1581 gentes
1739 1554 1855 1583 quasdam
1873 1554 1943 1577 Mau-

329 1600 390 1622 ricas
410 1600 453 1622 hoc
473 1599 563 1628 proelio
582 1598 704 1620 lohannes
723 1597 898 1626 profligaverit.

417 1641 457 1664 661
480 1641 547 1664 Pro-2.
569 1642 592 1663 b.
615 1641 694 1663 Vand.
718 1640 739 1662 11
762 1639 790 1662 17
812 1640 853 1661 fin.

418 1675 457 1713 67¹]
482 1684 536 1706 Cor.
558 1684 610 1706 Iob.
632 1684 669 1706 III
689 1682 798 1706 28—34.
820 1681 964 1705 283-292.
987 1681 1130 1704 320—336.

417 1727 455 1756 68)
480 1728 541 1749 Cum
561 1733 591 1749 ne
611 1733 676 1749 nunc
695 1726 794 1755 quidem
816 1726 860 1747 viri
881 1725 945 1747 docti
966 1725 995 1747 de
1016 1728 1133 1754 tempore,
1155 1731 1201 1753 quo
1220 1724 1364 1753 pestilentia
1384 1724 1441 1746 haec
1461 1727 1545 1747 exorta
1564 1725 1604 1754 sit,
1627 1727 1651 1747 et
1670 1725 1700 1747 de
1719 1732 1790 1753 anno,
1813 1732 1859 1754 quo
1879 1725 1944 1749 Con-

331 1770 517 1799 stantinopolim
538 1769 683 1794 vastaverit,
706 1769 771 1790 inter
792 1775 816 1790 se
836 1768 1007 1796 consentiant,
1034 1773 1047 1789 e
1066 1767 1149 1789 libello
1169 1774 1256 1796 parum
1276 1769 1344 1795 noto,
1372 1774 1419 1796 quo
1438 1767 1549 1795 quaestio
1569 1766 1627 1789 haec
1646 1768 1693 1790 iam
1713 1768 1805 1790 dudum
1825 1769 1946 1798 dirempta

331 1816 381 1837 est,
409 1820 485 1841 pauca
511 1812 630 1834 describo.
670 1811 723 1834 Val.
747 1811 828 1834 Seibel
856 1811 901 1832 Die
921 1817 1002 1839 grosse
1022 1810 1079 1832 Pest
1102 1817 1145 1832 zur
1165 1810 1221 1832 Zeit
1240 1809 1384 1832 Justinians
1404 1810 1520 1837 Dilingen
1542 1809 1604 1833 1857
1624 1817 1649 1840 p.
1672 1809 1701 1833 24
1724 1811 1780 1833 adn.
1802 1812 1825 1834 3.
1867 1811 1946 1834 *Nach

333 1856 422 1885 Proeop
445 1855 519 1883 (Pers.
543 1855 564 1877 11
585 1854 616 1878 20
637 1854 686 1876 und
707 1853 764 1881 2221,
792 1854 895 1876 welcher
915 1860 957 1875 zur
977 1853 1032 1875 Zeit
1051 1853 1093 1880 des
1113 1853 1320 1875 Pestausbruches
1340 1853 1366 1874 in
1386 1852 1588 1882 Constantinopel
1607 1854 1737 1876 anwesend
1757 1861 1818 1881 war,
1845 1854 1945 1883 erfolgte

333 1898 444 1921 derselbe
464 1899 489 1920 111
506 1899 579 1926 jener
599 1896 669 1919 stadt
688 1898 713 1919 iu
733 1897 788 1919 (lem
807 1896 893 1921 Jahre‚
923 1896 956 1918 als
976 1895 1094 1918 chosroes
1120 1902 1175 1917 zum
1201 1896 1293 1918 dritten
1314 1895 1377 1917 Male
1401 1896 1426 1917 in
1446 1895 1487 1917 das
1508 1895 1638 1918 Riimische
1658 1895 1746 1918 Gebiet
1766 1897 1857 1919 eintiel.
1898 1897 1947 1919 Der

331 1945 396 1963 erste
416 1941 522 1967 Feldzug
540 1941 596 1962 aber
615 1940 759 1964 desselben.
786 1940 825 1961 bei
846 1939 961 1961 welchem
982 1938 1126 1960 Antiocheia
1145 1939 1241 1961 erobert
1260 1938 1339 1963 ward,
1363 1938 1420 1960 fand
1440 1937 1518 1965 Statt,
1540 1939 1585 1960 wie
1605 1938 1694 1968 Procop
1717 1939 1792 1967 (Pers.
1814 1940 1836 1961 11
1856 1939 1878 1968 5)
1900 1946 1945 1962 an-

332 1984 407 2012 giebt,
431 1984 490 2005 nach
512 1983 675 2006 vollendetem
698 1982 747 2007 13..
770 1982 819 2004 also
838 1983 871 2004 im
893 1982 969 2004 Lause
988 1982 1031 2004 des
1053 1981 1092 2004 14.
1108 1981 1194 2004 Jahres
1213 1981 1255 2003 der
1275 1981 1414 2009 negierung
1426 1980 1577 2009 Jnstinians,
1599 1982 1656 2004 oder
1675 1981 1735 2004 nach
1750 1982 1875 2004 Marcellin
1895 1983 1945 2005 und

333 2027 424 2048 Marius
444 2030 516 2048 unter
535 2026 589 2048 dem
610 2025 744 2048 Consulate
762 2025 862 2047 Justins
882 2025 923 2047 des
942 2024 1079 2052 Jiingeren,
1102 2024 1125 2046 d.
1147 2025 1162 2047 i.
1186 2024 1243 2046 540.
1282 2024 1331 2046 Der
1350 2024 1424 2046 dritte
1443 2024 1552 2052 Feldzug
1571 2024 1614 2046 des
1635 2024 1760 2051 chosroes.
1786 2025 1815 2047 da
1834 2025 1945 2048 derselbe

333 2069 435 2091 seitdem
453 2069 523 2096 jedes
543 2068 603 2090 Jahr
621 2068 663 2090 das
683 2068 812 2091 liomische
833 2067 921 2089 Gebiet
941 2068 1060 2095 fiherzog,
1087 2067 1142 2089 fiillt
1162 2067 1234 2089 soniit
1253 2067 1279 2089 in
1299 2066 1340 2088 das
1361 2066 1420 2088 Jahr
1440 2065 1496 2089 5⁴2.
1518 2080 1550 2082 —
1577 2067 1671 2089 Hiemit
1691 2068 1851 2090 vollkommen
1872 2069 1945 2090 iiber-

334 2112 511 2133 einstimmend
532 2112 590 2133 lzisst
611 2111 699 2138 Euagr.
726 2111 792 2136 (hist,
809 2111 895 2132 eccles.
913 2110 946 2132 IV
962 2109 1001 2137 ‘291
1025 2110 1064 2132 (lie
1084 2110 1142 2131 Pest
1162 2110 1219 2131 zwei
1240 2109 1313 2131 Jahre
1334 2108 1393 2130 nach
1414 2109 1456 2131 der
1476 2109 1613 2132 Einnahme
1634 2109 1791 2132 Antioc-heras
1810 2111 1944 2134 auftreten.

334 2155 369 2176 Da
388 2161 413 2176 er
432 2154 479 2176 den
499 2153 543 2176 Ort
561 2154 628 2176 nieht
647 2153 722 2175 n'aber
740 2153 898 2181 bezeichnet,
928 2153 995 2175 hatte
1021 2160 1046 2174 er
1070 2152 1131 2174 wohl
1156 2153 1208 2174 sein
1229 2152 1359 2174 Vaterland
1380 2152 1465 2180 Syrien
1491 2153 1523 2174 im
1544 2152 1633 2176 Sinne.
1661 2153 1740 2175 wohin
1767 2153 1806 2175 die
1826 2153 1884 2176 Pest
1902 2161 1946 2177 aus

335 2199 464 2225 Aegypten
484 2197 609 2225 gelangte.
635 2196 839 2218 wahrsclreinlich
860 2196 1019 2224 gleichzeitig
1038 2196 1082 2217 mit
1102 2195 1166 2217 ihrer
1186 2195 1300 2217 Ankunst
1319 2196 1343 2217 111
1365 2194 1575 2224 Constantinopel.
1604 2208 1636 2211 —
1662 2195 1826 2223 Desgleichen
1846 2196 1947 2219 Malalas

335 2240 419 2261 XVIII
440 2247 464 2269 p.
486 2240 543 2262 (fo.
568 2239 614 2262 224
643 2240 689 2260 'im
710 2239 723 2260 5
744 2238 797 2261 lnd.
819 2237 914 2261 Jahre'.
939 2251 973 2254 —
999 2238 1077 2260 Wenn
1098 2238 1260 2266 Theophanes
1279 2245 1304 2267 p⁴
1326 2238 1352 2261 P.
1379 2237 1423 2260 lSS
1443 2239 1557 2266 angiebt,
1585 2238 1624 2260 die
1643 2238 1702 2261 Pest
1725 2239 1760 2260 sei
1786 2239 1819 2261 im
1839 2238 1946 2262 Oktober

336 2282 380 2305 5-11
403 2283 429 2304 in
449 2282 490 2304 der
512 2282 660 2311 llauptstadt
679 2282 849 2309 ant‘getreten.
879 2287 904 2303 so
924 2281 983 2308 liegt
1002 2280 1083 2303 11181111
1103 2281 1163 2303 noch
1183 2281 1239 2303 kein
1262 2281 1435 2309 Widerspruch
1454 2281 1499 2303 mit
1518 2281 1604 2309 obigen
1624 2281 1755 2309 Angaben,
1786 2281 1815 2303 da
1834 2282 1947 2305 einzelne

337 2325 545 2347 Krankheitst'alle
566 2325 590 2346 in
611 2324 683 2352 Fulge
703 2325 745 2346 des
766 2323 929 2346 Sceverkehrs
950 2324 994 2345 mit
1013 2324 1141 2352 Aegypten
1167 2323 1235 2345 recht
1261 2323 1322 2346 wohl
1342 2323 1417 2346 sehon
1436 2324 1468 2346 im
1488 2323 1593 2346 Herbste
1609 2324 1682 2351 jenes
1701 2323 1787 2346 Jahres
1807 2325 1948 2353 vorgekom-

336 2374 393 2389 11183
414 2368 465 2389 sein
488 2368 584 2395 mijgen.
606 2380 638 2383 —
665 2367 716 2389 Nur
735 2367 774 2388 (lie
795 2367 870 2389 Stelle
890 2367 927 2388 bci
949 2366 1067 2394 Agathias
1088 2367 1108 2388 V
1131 2365 1159 2388 14]
1181 2366 1277 2388 scheint
1296 2372 1342 2388 von
1362 2366 1442 2389 dieser
1461 2366 1560 2394 Angabe
1580 2366 1691 2395 g'irnzlich
1711 2367 1876 2390 abweichend.
1914 2367 1947 2390 Er

334 2413 401 2438 sagt:
434 2410 495 2432 *Die
517 2410 573 2431 l'est
591 2410 622 2431 ist
642 2416 697 2431 zum
717 2412 798 2432 ersten
819 2409 881 2431 Male
901 2409 933 2431 im
956 2408 978 2431 5.
1002 2409 1222 2437 Regierungsjabre
1241 2409 1382 2431 Justinians
1401 2409 1427 2431 in
1447 2415 1539 2431 unsern
1559 2408 1722 2431 L'assderkreis
1740 2409 1945 2438 eingedrungen'.

336 2453 450 2475 Offenbar
475 2453 507 2475 ist
523 2452 611 2480 jedoch
632 2452 700 2475 diese
719 2452 872 2479 Zalilangabe
892 2451 965 2473 durch
987 2451 1093 2474 Irrthum
1113 2451 1155 2474 der
1174 2451 1339 2474 Abschreiber
1359 2458 1402 2474 aus
1422 2446 1448 2474 ιε’
1468 2461 1498 2471 =
1521 2451 1559 2474 15.
1582 2451 1710 2479 verderbt,
1739 2458 1764 2474 so
1783 2452 1852 2480 dass,
1876 2459 1946 2475 werin

336 2496 392 2517 dem
414 2495 592 2518 Schriftsteller
612 2496 664 2517 sein
685 2495 837 2523 Eigenthum
858 2494 1051 2522 zuriickgestellt
1071 2494 1142 2521 wird,
1171 2494 1248 2517 damit
1272 2501 1333 2523 ganz
1358 2494 1449 2523 richtig
1471 2494 1513 2516 das
1540 2496 1604 2516 erste
1623 2494 1757 2516 Auftreten
1783 2494 1825 2516 der
1844 2494 1902 2517 Pest
1922 2495 1946 2517 in

336 2539 474 2567 Aegypten,
498 2537 601 2560 welches
621 2538 647 2560 in
667 2538 709 2560 das
731 2537 769 2560 15.
792 2537 1002 2566 Regierungsjahr
1021 2537 1163 2560 Justinians
1183 2547 1213 2557 --
1235 2536 1280 2560 541
1304 2537 1366 2565 faut,
1389 2537 1534 2559 bezeichnet
1552 2536 1604 2559 ist'.

423 2580 461 2609 69,
485 2580 657 2602 Pestilentiam
681 2587 727 2602 non
748 2580 846 2602 Africae
871 2586 922 2602 oras
948 2579 1037 2607 legisse
1062 2580 1109 2602 iam
1135 2587 1147 2602 e
1167 2580 1277 2609 Procopii
1302 2580 1383 2602 verbis
1406 2579 1486 2608 colligi
1504 2581 1592 2608 potest.
1630 2579 1654 2601 b.
1676 2579 1742 2602 Pers.
1763 2579 1786 2601 11
1806 2578 1836 2602 22
1855 2577 1946 2612 ἤρξατο
1987 2607 1992 2610 ,

337 2622 381 2654 μὲν
405 2620 429 2654 (ἠ
442 2621 520 2651 νότος)
545 2620 569 2649 ἐξ
583 2619 732 2655 Αἰγυπτίων,
755 2620 779 2646 οἳ
799 2616 909 2654 qia-quw(
929 2620 954 2645 ἐν
970 2619 1112 2654 Πηλουσίῳ.
1145 2620 1267 2654 γενομένη
1287 2620 1313 2645 δὲ
1333 2620 1391 2655 δίχα
1410 2621 1444 2654 πή
1465 2621 1510 2654 μὲν
1529 2619 1570 2645 ἐπί
1588 2629 1613 2645 τε
1632 2618 1821 2655 Ἀλεξανδρείας
1839 2619 1881 2645 καὶ
1898 2623 1944 2654 τῆς

337 2663 417 2697 ἄλλης
437 2662 562 2697 Αἰγύπτου
583 2663 713 2698 {xmp-qne,
735 2663 770 2696 τιὴ
790 2663 817 2688 δὲ
836 2663 876 2688 ἐπὶ
895 2662 1074 2691 Παλαιστίνους
1091 2663 1149 2691 τοὺς
1168 2662 1311 2697 Αἰγυπτίοις
1332 2663 1440 2696 ὁμόρους
1459 2662 1551 2696 ἦλθεν,
1582 2661 1696 2687 ἐντεῦθέν
1715 2671 1739 2687 τε
1759 2662 1883 2696 κατέλαβε
1902 2662 1948 2696 τὴν

337 2710 383 2740 γῆν
404 2706 545 2739 σύμπασαν,

425 2751 464 2779 70)
488 2750 541 2773 Cor.
565 2750 615 2773 1011.
636 2750 659 2772 11
680 2749 728 2773 388
750 2753 836 2778 gentes
856 2757 903 2772 non
924 2750 994 2772 laesit
1013 2757 1108 2772 amaras

748 2793 831 2815 Martis
849 2793 927 2815 amica
947 2792 1008 2815 lues.
