2034 3108
752 172 977 199 PROOEMIVM.
1566 172 1677 203 XXXI

57 286 185 317 nuntius
208 285 433 325 Carthaginem
457 284 611 325 pervenit.
638 283 699 314 iam
725 283 953 323 Tripolitanam
978 293 1034 324 per
1056 283 1247 324 provinciam
1273 283 1374 314 Mauri
1398 283 1596 323 vagabantur
1613 283 1678 323 By-

59 346 200 385 zaciique
224 345 338 375 tinibus
362 343 667 384 appropinquabant.
716 343 801 380 Quos
832 353 901 373 cum
934 343 985 373 vix
1013 343 1210 382 attigissent7
1247 342 1395 373 Iohannis
1419 342 1558 373 adventu
1583 342 1678 373 celeri

56 405 156 436 territi
181 414 306 435 cursum
330 406 491 434 verterunt
514 405 545 433 et
566 402 599 433 in
623 401 750 433 deserta
773 402 910 441 regressi
934 404 1081 433 suntffli.
1130 402 1286 433 Iohannes
1310 401 1386 432 belli
1411 401 1598 433 conficiendi
1623 412 1678 432 611-

56 464 242 505 pidissimus
265 463 386 494 hostem
412 462 442 492 in
467 462 594 492 deserta
617 465 818 502 1161566111115,
854 461 911 492 sed
934 466 1004 502 post
1027 461 1149 492 dierum
1174 471 1344 502 paucorum
1368 461 1427 492 iter
1449 461 1569 492 irritum
1593 461 1679 491 mili-

55 528 120 554 tum
144 523 315 559 seditione,
350 522 403 562 qui
435 522 560 552 labores
584 520 796 561 expeditionis
821 531 877 560 per
906 521 1052 561 regiones
1076 520 1215 552 calidas.
1250 531 1333 560 aqua
1356 525 1517 552 carentes.
1553 521 1677 551 steriles

56 593 152 623 aegre
187 582 347 620 ferebant,
385 581 477 612 litora
506 584 650 621 repetere
681 583 807 611 coactus
836 582 957 619 est¹¹³¹'].
1007 580 1067 610 Vix
1098 590 1183 611 oram
1208 580 1365 611 Astrieum
1397 580 1429 610 in
1458 580 1573 611 finibus
1604 580 1678 610 atti-

55 646 161 682 gerat⁷
199 651 269 672 cmn
299 641 406 672 hostes
429 639 561 681 perinde
585 639 705 671 reversi
729 649 863 679 eumque
887 639 1025 670 assecuti
1050 643 1133 670 sunt.
1181 639 1303 670 Proelio
1326 640 1530 670 tumultuario
1554 639 1595 670 ad
1619 639 1677 669 rivi

56 701 222 733 cuiusdam
247 701 334 741 ripas
357 703 464 731 exorto
488 699 622 740 primum
647 699 749 729 Mauri
772 698 910 730 Cusinae
934 703 1100 740 parentes,
1133 698 1249 729 deinde
1273 698 1405 729 Romani
1428 698 1489 739 ipsi
1513 698 1545 729 in
1569 698 1678 738 fugam

57 761 191 792 coniecti
214 764 244 791 et
267 759 413 800 dissipati
438 762 520 789 sunt.
570 759 648 789 Cum
672 758 807 789 militum
832 768 906 799 pars
930 769 1046 798 magna
1070 758 1179 799 periit.
1216 761 1281 788 tum
1313 768 1330 789 e
1362 758 1496 789 ducibus
1524 767 1605 788 unus
1629 758 1679 788 Io-

56 821 179 851 hannes
202 819 308 851 senior
331 819 370 850 ab
394 818 537 849 hostibus
561 818 793 849 circumventus
818 827 994 858 caesusque
1018 820 1138 857 651170).

143 880 209 910 111111
233 879 328 910 rebus
350 878 428 919 ipsis
451 878 639 909 brevissime
662 877 790 908 relatis.
819 877 933 917 quibus
957 887 1102 917 quaeque
1127 877 1204 907 locis
1228 880 1337 916 gestae
1363 877 1440 909 sint.
1475 877 1677 917 indagemus.

56 939 188 980 Byzacii
211 949 228 969 a
252 938 368 969 finibus
391 937 576 968 recedentes
600 937 701 967 Mauri

829 996 930 1027 siccas
955 1005 1105 1036 superare
1129 995 1270 1026 Gadaias

416 1058 474 1079 nec
498 1047 644 1078 dubitant
666 1047 835 1086 tristesque
860 1048 961 1079 locos.
990 1046 1060 1086 quis
1084 1047 1189 1077 nullus
1214 1046 1308 1077 eundi

416 1099 608 1138 vivendique
632 1098 756 1129 modus.

57 1159 202 1190 Gadaiae
225 1159 279 1190 11111
304 1159 430 1190 fuerint.
458 1158 574 1189 frustra
597 1158 702 1189 adhuc
726 1158 904 1198 quaesitum
930 1162 988 1189 est.
1030 1158 1298 1188 Manum-heluus
1322 1157 1361 1188 de
1380 1157 1592 1188 Gadabitani«
1608 1158 1681 1188 har-

57 1219 143 1250 baris
167 1218 385 1259 Tripolitanae
409 1217 589 1258 provinciae
613 1217 766 1251 finitimis.
793 1227 871 1257 quos
896 1218 1066 1258 Procopius
1089 1221 1252 1248 memorat.
1280 1217 1442 1257 cogitavit.
1490 1217 1554 1247 8611
1577 1217 1681 1256 gentis

57 1278 151 1309 huius
174 1278 278 1318 patria
300 1288 319 1308 a
343 1278 480 1317 Corippo
504 1277 572 1317 ipso
602 1277 678 1317 (Ioli.
698 1277 729 1307 II
750 1279 807 1307 117
846 1287 908 1308 non
933 1277 1089 1315 Gradaiae.
1118 1277 1174 1307 sed
1192 1276 1336 1307 Gadahis
1360 1282 1500 1308 vocatur.
1541 1276 1682 1307 Tauxier

57 1337 208 1378 oppidum
246 1337 332 1368 Ghat
369 1338 435 1370 (28⁰
458 1336 544 1377 long.
572 1347 616 1367 or.
655 1338 710 1366 250
732 1337 788 1367 lat.
823 1338 915 1377 septi
955 1347 973 1367 a
1008 1336 1167 1367 veteribus
1203 1336 1345 1367 Gadaias
1379 1337 1574 1377 appellatum
1610 1346 1680 1367 esse

58 1397 310 1438 suspicaturffl).
359 1396 430 1434 Qua
453 1396 634 1427 coniectura
657 1406 696 1427 ne
721 1396 792 1435 quis
816 1396 1009 1436 decipiatur.
1044 1396 1227 1427 meminisse
1259 1396 1396 1427 sufficiet
1419 1396 1504 1427 Ghat
1535 1406 1553 1426 a
1577 1396 1681 1436 Syrtis

58 1456 187 1487 minoris
211 1456 301 1487 litore
325 1466 364 1486 m.
392 1466 423 1496 p.
451 1455 517 1486 fere
541 1455 624 1486 DCL
648 1456 773 1487 abesse.
823 1456 958 1486 Tantum
982 1456 1041 1486 iter
1064 1466 1120 1486 1166
1145 1456 1327 1486 Maurorum
1350 1460 1472 1486 turmae
1496 1456 1680 1486 innumerae

56 1516 279 1556 pecudumque
303 1525 417 1555 greges
440 1515 586 1554 ingentes
602 1515 820 1555 perfecissent.
847 1526 904 1546 nec
924 1515 1145 1555 Byzantiorum
1163 1515 1320 1546 exercitus
1337 1515 1542 1555 suscepisset.
1582 1515 1681 1554 Equi—

58 1575 130 1606 dem
155 1585 216 1614 quo
239 1574 417 1606 accuratius
441 1584 567 1605 versum
592 1578 689 1605 totum
718 1575 837 1605 ‘siccas
862 1584 1012 1615 superare
1037 1574 1193 1605 Gadaias
1219 1575 1418 1609 examinavi,
1453 1585 1489 1606 60
1513 1575 1616 1605 minus
1640 1574 1679 1605 de

57 1635 174 1676 oppido
197 1635 263 1665 ullo
288 1634 337 1665 hic
361 1634 458 1665 verba
481 1634 587 1665 facere
611 1638 736 1675 poetam
769 1634 900 1665 credidi.
949 1635 1091 1675 Apparet
1120 1634 1202 1665 enim
1236 1634 1431 1665 (1656110111111
1462 1635 1554 1674 quasi
1584 1634 1679 1665 limen

58 1694 217 1734 quoddam
242 1694 291 1724 hic
315 1694 477 1731 denotari.
508 1704 569 1733 quo
593 1697 740 1734 superato
764 1694 879 1725 mediis
903 1694 934 1724 in
958 1694 1086 1724 harenis
1110 1694 1268 1733 fugientes
1292 1697 1467 1725 versentur.
1514 1694 1581 1724 Iam
1606 1704 1680 1724 vero

59 1754 187 1785 Henrici
211 1753 389 1794 Duveyrier
412 1753 526 1784 librum
549 1753 640 1784 illum
664 1753 828 1794 egregium
852 1758 1070 1794 perscrutans.
1105 1754 1136 1783 in
1168 1763 1228 1793 quo
1253 1753 1467 1786 desertorum.
1504 1753 1542 1784 de
1566 1754 1680 1793 quihus

57 1813 108 1844 hic
131 1813 246 1853 agitur,
274 1812 385 1844 notitia
408 1816 473 1843 tota
497 1812 563 1843 fere
586 1813 704 1851 nititur,
731 1813 763 1843 in
787 1813 925 1844 harenae
950 1813 1140 1843 tunmlorum
1180 1814 1293 1842 Dz‘iuwz'
1313 1839 1318 1849 .
1346 1813 1460 1852 quibus
1484 1813 1678 1844 desertorum

58 1873 185 1904 illorum
208 1882 282 1913 pars
305 1882 423 1912 magna
446 1872 568 1912 repleta
591 1877 650 1912 est,
678 1872 923 1913 descriptionem
946 1872 1119 1903 incidi¹⁷2÷.
1169 1873 1297 1903 Tumuli
1320 1873 1412 1905 tales.
1439 1872 1493 1912 qui
1516 1876 1679 1903 ventorum

56 1932 87 1963 vi
111 1935 349 1971 coacervantur,
375 1931 545 1971 agitantur7
572 1932 806 1973 propulsantur,
833 1931 920 1973 apud
936 1932 1115 1963 Maurorum
1140 1937 1251 1971 gentes
1274 1932 1443 1963 nonnullas
1471 1932 1515 1962 ‘el
1540 1932 1679 1971 guedea'

57 1991 126 2031 vel,
156 1996 191 2023 ut
213 1991 439 2032 orthographia
462 1991 653 2023 Germanica
676 1995 763 2031 utar,
800 1992 932 2032 ‘gedea'
958 1991 1063 2022 vocari
1088 1992 1198 2023 solent.
1249 1992 1363 2022 Parum
1387 2001 1437 2022 me
1460 1991 1595 2032 peritum
1619 1992 1681 2022 lin-

59 2061 142 2092 guae
158 2051 318 2082 Mauricae
342 2060 412 2082 esse
436 2051 546 2090 fateor,
574 2062 668 2091 quam
692 2056 727 2082 ut
748 2052 809 2083 hac
831 2052 941 2082 notula
957 2051 1056 2082 fretus
1084 2051 1259 2082 *Gadaias'
1284 2052 1357 2082 illas
1381 2051 1519 2082 harenae
1542 2052 1680 2082 tumulos

58 2111 197 2152 regionis
227 2111 372 2142 desertae
401 2120 472 2142 esse
502 2111 702 2142 contendam.
750 2112 871 2142 Tamen
903 2111 933 2141 in
963 2121 996 2141 re
1027 2110 1214 2152 desperata,
1247 2111 1324 2150 quin
1354 2111 1491 2142 virorum
1518 2110 1679 2142 doctorum

57 2171 164 2203 oculos
186 2171 219 2202 in
242 2170 402 2202 nominum
427 2170 665 2201 similitudinem
688 2170 776 2201 illam
800 2170 1009 2203 adverterem.
1037 2170 1143 2202 facere
1166 2180 1229 2201 non
1253 2170 1349 2211 potui.

145 2230 292 2262 Ceterum
323 2239 417 2269 quam
448 2229 644 2261 desertorum
674 2230 706 2261 in
736 2234 857 2271 partem
888 2231 997 2271 populi
1021 2230 1136 2271 Syrtici
1160 2230 1221 2270 ipsi
1244 2230 1434 2261 recesserint
1457 2234 1488 2261 et
1511 2230 1681 2270 Byzantios

58 2289 235 2327 illexerint,
274 2289 411 2320 dubitari
441 2289 561 2329 nequit.
613 2290 692 2320 Cum
722 2290 805 2321 enim
836 2290 877 2320 ad
907 2300 993 2321 oram
1024 2290 1214 2321 maritimam
1243 2289 1296 2320 via
1325 2293 1411 2320 recta
1440 2299 1585 2320 reversus
1616 2294 1682 2320 sta—

60 2350 116 2381 tim
140 2348 242 2389 Syrtis
270 2348 400 2380 minoris
430 2348 472 2379 ad
502 2349 594 2379 litora
617 2349 839 2389 Byzantiorum
872 2351 1029 2380 exercitus
1052 2349 1231 2390 pervenerit
1253 2368 1294 2370 —
1317 2349 1400 2388 quod
1424 2348 1550 2388 quidem
1575 2349 1683 2389 paullo

59 2409 143 2440 infra
166 2408 243 2439 mihi
267 2408 548 2440 demonstrandum
571 2402 631 2439 erit
652 2427 710 2447 —‚
743 2408 945 2439 manifestum
975 2413 1023 2440 est
1045 2419 1117 2440 eum
1141 2408 1336 2439 deseitorum
1367 2409 1404 2447 (el
1428 2408 1501 2448 Erg)
1529 2409 1681 2448 angulum

150 2537 204 2566 168>
227 2537 279 2561 Cor.
303 2537 355 2560 Ioh.
376 2537 410 2560 VI
429 2536 573 2561 276—291.

150 2580 204 2609 169)
228 2580 280 2603 Cor.
302 2580 354 2603 Ioh.
376 2580 411 2603 VI
430 2578 573 2603 292-379.

149 2623 204 2652 170)
227 2622 282 2647 Cor.
303 2623 356 2645 Ioh.
377 2622 410 2644 Vl
430 2621 574 2645 437—773.

150 2665 204 2694 171)
228 2665 287 2688 Rev.
309 2665 362 2688 Asr.
384 2665 443 2688 XXI
466 2664 527 2688 1877
549 2671 572 2693 p.
598 2664 653 2687 188.
693 2665 739 2687 Les
759 2664 855 2687 Louata
877 2662 1060 2687 s'ensonc'erent
1080 2664 1140 2686 dans
1158 2664 1193 2686 les
1213 2663 1334 2687 solitudes
1353 2663 1482 2686 brnlantes
1501 2664 1534 2686 du
1555 2665 1630 2686 midi.
1659 2669 1683 2687 et

62 2715 88 2731 ce
107 2709 147 2730 fut
166 2707 244 2730 meme
264 2714 313 2730 eux
333 2708 376 2737 qui
395 2708 468 2730 flrent
487 2706 614 2730 connaitre
633 2714 681 2730 aux
702 2707 852 2736 geographes
871 2707 976 2729 romains
995 2707 1018 2728 la
1035 2707 1092 2729 ville
1106 2706 1226 2729 lointaine
1240 2706 1269 2729 de
1283 2706 1391 2729 Gadaias
1414 2706 1580 2734 [aujourd'hui
1596 2706 1681 2735 Ghatf,

63 2751 186 2773 inconnue
202 2751 295 2779 jusque
313 2750 336 2772 la
355 2751 368 2772 ὲ
386 2749 536 2779 Γαιηίςυίῑέ.

152 2792 207 2821 172)
230 2792 313 2820 Heni-y
332 2792 470 2820 Duveyrier
490 2792 649 2821 Exploration
670 2791 702 2814 du
724 2791 821 2814 Sabara.
843 2791 919 2814 Teme
938 2792 957 2815 I.
996 2791 1044 2814 Les
1064 2791 1174 2820 Touareg
1192 2791 1225 2814 dn
1245 2790 1308 2813 Nord
1327 2790 1396 2813 Paris
1418 2790 1480 2813 ls05
1500 2798 1524 2820 p.
1547 2791 1559 2813 :3
1576 2798 1612 2819 sq.
