2034 3108
784 172 1010 198 PROOEMIVM.
1635 169 1707 199 LIX

88 285 186 316 libros
209 287 264 314 aut
287 293 326 314 ex
350 281 501 313 Ovetensi
524 281 603 322 ipso7
631 285 685 313 aut
708 292 725 313 e
749 282 856 314 codice
881 283 1023 314 eiusdem
1048 283 1189 315 familiae
1214 284 1370 324 originem
1394 283 1509 315 ducere
1534 282 1709 314 statuerim.

90 344 231 375 Stemma
254 342 404 373 librorum
428 341 487 372 hoc
510 340 576 372 fere
600 340 701 372 fuisse
725 341 870 373 arbitror.

395 494 589 525 Matritensis
1168 496 1195 526 Y

991 538 1204 663 fragmentllrllu
1229 580 1387 612 Ovetense

1172 666 1196 696 Z

850 767 1058 798 Santonensis
1288 768 1520 799 Laurentianus

173 877 329 916 Quoniam
353 877 392 908 de
417 877 578 908 codicibus
602 877 732 917 Corippi
756 876 834 908 satis
859 877 996 915 dictum7
1029 878 1091 908 iam
1116 878 1227 918 paucis
1251 888 1424 919 exponam⁷
1459 889 1520 919 quo
1544 879 1637 910 modo
1662 879 1710 910 his

87 937 237 969 subsidiis
268 937 405 969 editores
436 936 485 968 usi
516 936 588 967 sint.
637 936 870 977 Panegyricum
894 936 1086 977 Corippeum
1119 937 1239 978 primus
1263 938 1394 969 Ruizius
1424 940 1525 978 (1581)
1555 948 1571 969 e
1602 939 1711 970 codice

85 1007 141 1029 suo
170 998 262 1036 (nunc
285 996 471 1035 Matritensi)
500 999 564 1027 tam
596 995 767 1036 diligenter
790 1001 821 1027 et
845 996 921 1027 scite
949 996 1164 1038 descriptum7
1198 1000 1261 1028 tam
1291 997 1394 1028 sobrio
1423 1008 1565 1037 sanoque
1594 998 1711 1029 iudicio

86 1056 288 1088 emendatum
317 1055 437 1097 publici
467 1055 545 1087 iuris
569 1055 661 1089 fecit,
684 1059 729 1096 *ut
758 1055 792 1086 in
824 1066 860 1087 eo
884 1055 1022 1087 editores
1046 1060 1117 1097 post
1141 1067 1211 1088 eum
1236 1066 1387 1097 peccasse
1411 1057 1589 1097 videantur7
1627 1059 1711 1098 quod

85 1116 196 1147 Ruizio
230 1126 341 1157 parum
373 1115 483 1146 confisi
514 1125 570 1146 suo
601 1115 729 1155 ingenio
759 1115 927 1155 indulgere
957 1125 1051 1155 quam
1084 1116 1231 1147 editionis
1262 1117 1383 1157 primae
1406 1117 1545 1157 vestigia
1568 1128 1711 1158 premere

85 1176 275 1207 maluerunt.
323 1175 521 1214 Quamquam
553 1175 636 1206 enim
660 1175 798 1206 virorum
830 1175 1008 1214 doctorum⁷
1047 1176 1199 1217 Casparis
1224 1176 1345 1207 Barthii
1375 1177 1512 1208 maxime
1537 1178 1711 1217 sagacitate

83 1236 146 1267 iam
172 1245 255 1267 saec.
283 1235 390 1266 XV110
412 1235 473 1266 loci
497 1234 635 1275 corrupti
666 1234 752 1265 haud
776 1235 870 1275 pauci
895 1236 998 1266 sanati
1023 1240 1111 1273 sunt,
1151 1240 1256 1267 tamen
1289 1236 1444 1267 editiones
1468 1247 1593 1275 omnes7
1629 1248 1711 1277 quae

84 1300 158 1327 tunc
182 1295 375 1336 prodierunt,
402 1294 584 1335 Dempsteri
616 1294 733 1334 tolo),
769 1294 875 1325 Rivini
904 1297 1020 1334 4653),
1055 1295 1257 1326 Rittershusii
1286 1296 1389 1334 (1504)
1418 1296 1520 1336 magis
1544 1297 1709 1337 magisque

84 1365 102 1386 a
125 1358 230 1386 textus
254 1354 354 1385 forma
377 1353 517 1394 genuina
540 1358 750 1385 recesserunt.
791 1354 839 1385 Ne
864 1354 904 1385 de
920 1354 1066 1394 Fogginii
1091 1355 1219 1394 quidem
1242 1355 1380 1386 editione
1404 1357 1520 1395 (1777),
1549 1356 1601 1395 qui
1625 1358 1710 1388 locos

83 1415 251 1445 nonnullos
275 1414 403 1453 ingenio
427 1413 612 1444 felicissimo
636 1413 791 1451 restituit7
830 1414 938 1454 plures
969 1414 1159 1446 coniecturis
1184 1414 1306 1446 erudite
1330 1418 1361 1446 et
1385 1415 1558 1455 diligenter
1581 1417 1710 1457 excogi-

83 1474 157 1505 tatis
187 1474 305 1505 frustra
335 1473 520 1514 temptavit,
554 1473 647 1504 aliter
677 1473 810 1504 iudices.
859 1473 990 1505 Cautius
1021 1475 1131 1515 paullo
1162 1474 1275 1506 ceteris
1304 1474 1456 1514 Iaegerus
1492 1477 1593 1515 11779)
1630 1476 1706 1516 egit,

84 1533 137 1573 qui
162 1533 332 1564 editionem
356 1533 543 1563 Ruizianam
567 1532 671 1573 magis
696 1537 822 1564 secutus
846 1533 917 1574 ipse
941 1544 1045 1574 pauca
1068 1544 1163 1573 sane‚
1196 1534 1317 1574 aliquid
1340 1538 1445 1565 tamen
1470 1535 1511 1565 ad
1536 1536 1710 1576 panegyri—

83 1603 152 1624 cum
177 1593 411 1624 emendandum
442 1592 582 1623 contulit.
631 1592 672 1623 Vt
694 1593 846 1632 Iacgerus
869 1593 1018 1633 Fogginii
1050 1593 1218 1624 editionem
1249 1594 1358 1634 paullo
1385 1598 1457 1625 antc
1487 1595 1606 1635 publici
1630 1596 1707 1627 iuris

82 1652 198 1684 factam
227 1663 289 1684 non
313 1656 460 1689 noverat.
494 1652 539 1683 ita
568 1652 670 1693 ipsius
702 1652 872 1683 editionem
902 1652 1079 1683 Immanuel
1110 1653 1277 1684 Bekkerus
1312 1655 1414 1693 (1836)
1443 1654 1618 1694 ignoravit,
1653 1656 1706 1695 qui

81 1712 114 1743 in
138 1712 276 1753 Corpore
308 1712 495 1752 scriptorum
526 1712 676 1743 historiae
701 1712 898 1752 Byzantinae
922 1712 1094 1753 Corippum
1126 1713 1353 1744 recensendum
1378 1718 1572 1754 susceperat.
1621 1716 1707 1746 Bek—

80 1772 177 1803 kerus
208 1771 240 1802 in
270 1771 464 1812 panegyrim)
494 1772 618 1802 edendo
642 1771 789 1812 Fogginii
814 1772 999 1812 plerumque
1023 1772 1167 1812 vestigiis
1189 1772 1339 1803 inhaesit.
1387 1774 1461 1814 Ipse
1484 1773 1543 1804 hoc
1567 1776 1705 1806 carmine

81 1831 174 1862 senili
197 1841 259 1862 non
283 1831 328 1862 ita
351 1831 528 1862 delectatus
551 1840 622 1862 esse
648 1831 791 1862 videtur.
826 1834 859 1862 ut
890 1831 921 1862 in
945 1831 1014 1862 eius
1037 1831 1292 1863 emendationem
1318 1842 1447 1873 operam
1471 1843 1620 1873 magnam
1644 1835 1705 1865 im—

80 1891 244 1931 penderet.

164 1950 304 1981 Carmini
327 1950 359 1981 in
383 1950 509 1981 laudem
533 1950 647 1981 Iustini
671 1950 802 1982 minoris
826 1951 1016 1991 explicando
1039 1951 1102 1981 iam
1126 1951 1351 1991 Dempsterus,
1378 1952 1541 1991 Barthius‚
1570 1952 1704 1985 Ritters-

77 2010 188 2041 husius
212 2020 341 2050 operam
371 2013 528 2041 navarunt
557 2010 635 2041 locis
665 2012 850 2051 scriptorum
879 2010 1079 2050 antiquorum
1110 2010 1218 2041 multis
1248 2011 1424 2051 congestis,
1467 2012 1583 2051 quibus
1611 2014 1704 2044 modo

78 2073 191 2110 poetae
219 2079 320 2109 genus
349 2069 493 2100 dicendi.
529 2069 621 2100 modo
652 2079 702 2100 res
733 2070 773 2100 ab
798 2080 835 2101 eo
858 2073 1050 2101 memoratas
1074 2070 1283 2101 illustrarent.
1333 2070 1397 2102 Sed
1420 2071 1559 2102 omnium
1584 2073 1702 2113 optime

77 2128 116 2160 de
140 2129 398 2169 interpretatione
422 2129 572 2160 historica
595 2129 782 2169 panegyrici
805 2129 957 2170 Corippei
981 2129 1157 2169 Fogginius
1182 2130 1311 2161 meritus
1335 2134 1393 2162 est.
1421 2131 1473 2170 qui
1498 2131 1537 2162 (16
1561 2132 1701 2172 antiqui-

76 2189 193 2220 tatibus
224 2189 318 2220 aulae
346 2189 537 2229 Byzantiae7
577 2189 617 2220 de
648 2189 743 2220 rebus
773 2189 872 2229 gestis
905 2189 1019 2220 Iustini
1050 2189 1269 2230 imperatoris.
1309 2190 1348 2221 (16
1378 2190 1453 2221 viris
1483 2191 1596 2222 ceteris
1621 2195 1702 2223 tem-

75 2248 159 2288 poris
186 2248 274 2279 illius
306 2248 491 2279 clarissimis
520 2248 621 2279 multa
649 2248 830 2287 adnotavit7
865 2248 905 2279 de
936 2248 1003 2280 vita
1033 2253 1064 2280 et
1095 2249 1220 2290 scriptis
1244 2253 1359 2290 poetae
1384 2250 1582 2290 praefatione
1606 2261 1700 2282 verae

75 2307 261 2339 eruditionis
284 2308 382 2348 plena
406 2307 512 2338 onmia
535 2308 722 2348 exploravit‚
749 2318 830 2347 quae
854 2308 998 2348 intellegi
1021 2312 1096 2339 tunc
1118 2312 1274 2349 poterant.

161 2367 304 2398 Necdum
328 2367 411 2398 enim
435 2367 570 2398 alterum
594 2367 735 2398 eiusdem
753 2367 884 2408 Corippi
908 2378 1036 2399 carmen
1061 2369 1185 2409 epicum
1210 2369 1249 2400 de
1273 2368 1368 2399 bellis
1385 2369 1514 2409 Libycis
1538 2369 1571 2400 in
1595 2370 1698 2401 lucem

74 2430 252 2467 promptum
276 2430 360 2461 erat,
395 2427 479 2466 quod
503 2426 622 2467 primus
645 2427 758 2458 Petrus
782 2427 1047 2458 Mazzucchellius
1077 2429 1195 2466 (1820),
1229 2427 1443 2459 bibliothecae
1466 2429 1698 2460 Ambrosianae

73 2486 271 2526 praefectus,
311 2496 328 2517 e
360 2485 467 2517 codice
497 2486 696 2517 Trivultiano
728 2486 838 2517 edidit.
888 2487 1135 2518 Mazzucchellio
1166 2487 1330 2518 difficilius
1362 2488 1460 2518 multo
1491 2498 1571 2528 opus
1602 2499 1698 2529 quam

72 2545 182 2576 Ruizio
200 2546 383 2577 obvenerat.
432 2545 503 2576 Non
520 2545 658 2577 codicem
675 2546 840 2586 antiquum
857 2546 938 2577 bene
954 2546 1084 2586 pictum,
1112 2546 1169 2577 sed
1185 2547 1408 2586 neglegentius
1433 2547 1583 2588 scriptum
1608 2559 1698 2579 men-

71 2604 183 2644 disque
207 2605 252 2636 ita
275 2609 449 2636 scatentem
472 2605 604 2643 invenit7
631 2610 675 2645 ut,
703 2606 730 2636 si
754 2605 829 2645 quid
851 2605 884 2636 in
908 2605 1045 2645 legendo
1069 2606 1120 2637 vel
1143 2606 1176 2636 in
1200 2606 1401 2637 emendando
1425 2617 1535 2647 parum
1560 2607 1698 2639 feliciter

71 2664 266 2703 enucleavit,
304 2664 551 2704 haudquaquam
576 2675 647 2695 eum
671 2665 860 2705 vituperare⁷
889 2664 946 2696 sed
969 2668 1034 2696 tota
1058 2665 1196 2696 editione
1220 2665 1252 2696 in
1275 2666 1428 2697 iudicium
1452 2670 1565 2697 vocata
1589 2667 1696 2697 mirari

71 2723 192 2762 deceat,
221 2734 314 2763 quam
338 2727 484 2755 accurate
508 2728 539 2755 et
562 2723 733 2764 diligenter
751 2734 879 2755 munere
899 2728 1047 2765 suscepto
1064 2724 1190 2756 functus
1206 2725 1256 2757 sit.
1291 2725 1555 2757 Adnotationibus
1572 2736 1696 2765 quoque

70 2783 235 2814 uberrimis
260 2783 431 2814 editionem
455 2783 556 2818 auxit.
586 2783 701 2823 quibus
731 2788 762 2814 et
785 2794 887 2814 rerum
911 2784 1087 2815 Iohannide
1111 2788 1308 2816 narratarum
1332 2785 1621 2826 interpretationem
1647 2786 1696 2816 hi-

1443 2845 1483 2870 h·
