2034 3108
758 160 984 187 PROOEMIVM.
1601 163 1689 194 XLV

63 269 155 301 donis
178 273 336 300 ornantur.
385 269 566 300 Scribarum
597 269 700 301 officio
731 270 790 300 hos
821 270 905 301 viros
936 270 1060 302 functos
1084 281 1154 302 esse
1178 271 1474 312 poetain‹licat12>.
1524 272 1603 304 Cum
1627 284 1687 305 au-

62 332 125 360 tem
149 338 270 367 versus,
298 328 412 368 quibus
435 329 613 360 accuratius
636 329 761 360 titulum
785 339 940 361 munusve
964 340 1070 361 eorum
1095 330 1264 362 denotasse
1288 331 1423 369 videtur,
1454 332 1536 363 inter
1558 343 1684 364 versum

66 389 124 419 172
149 391 180 419 et
205 390 264 418 173
288 387 505 419 interciderint
527 407 569 410 -—
591 387 624 419 id
647 388 733 428 quod
756 389 914 420 Theodori
930 389 1117 420 Mommseni
1141 390 1315 430 sagacitate
1341 396 1538 431 perspectum
1564 396 1611 423 est
1627 411 1680 431 —,

63 451 166 479 utrum
198 447 237 479 de
267 447 400 479 tribunis
431 451 463 478 et
491 447 640 486 notariis
674 457 715 478 an
747 447 786 479 de
816 448 1003 488 scriniariis,
1039 459 1079 479 an
1111 448 1149 480 de
1180 449 1321 489 utrisque
1346 450 1439 481 simul
1462 454 1591 490 agatur.
1626 462 1685 492 pa-

61 517 129 538 rum
161 511 244 538 certo
273 506 417 547 dignosci
447 510 561 547 potest.
610 507 677 537 Iam
708 517 781 538 vero
805 507 976 548 Corippum
1006 508 1110 549 ipsum
1142 518 1179 539 eo
1202 508 1235 538 in
1258 518 1388 539 numero
1415 509 1531 549 fuisse,
1567 510 1684 541 tribuni

60 567 158 607 igitur
194 570 225 598 et
257 566 371 598 notarii
406 566 458 597 vel
493 565 648 597 scriniarii
685 576 815 598 munere
849 566 990 598 functum
1029 577 1100 598 esse
1138 567 1239 608 ipsius
1276 568 1380 599 verbis
1416 568 1478 608 ita,
1522 573 1555 601 ut
1590 569 1685 600 dubi—

60 626 121 658 tari
155 629 307 666 nequeat,
346 625 638 665 demonstratur-¹³).
694 626 819 667 Optime
857 636 926 657 cum
964 626 1021 658 hoc
1058 627 1125 657 loco
1163 626 1245 658 alius
1284 628 1446 667 convenit,
1489 639 1550 668 quo
1588 633 1684 669 po‘e'ta

61 685 239 726 quaestoris
262 685 344 716 sacri
365 685 477 726 palatii
500 685 558 716 sub
582 685 708 716 nomine
733 695 767 717 se
798 686 950 727 principis
981 685 1119 717 officium
1149 690 1275 726 gestare
1305 690 1528 719 assex'o1·at¹⁴':.
1577 688 1685 726 Quae-

60 748 125 776 stor
153 745 236 776 enini
266 755 328 776 non
357 743 494 776 officium
525 744 686 785 proprium
717 745 871 776 habebat.
907 745 964 776 sed
993 745 1191 777 adiutoribus
1223 756 1239 777 6
1271 746 1394 777 scriniis
1425 747 1523 778 variis
1556 748 1683 779 selectis
1718 761 1721 764 >

61 805 209 836 utebatur
221 806 251 843 15)
262 830 267 835 .

145 873 259 903 Primis
289 872 379 912 regni
401 872 516 903 Iustini
543 872 653 904 annis.
688 872 802 911 quibus
834 873 1060 913 panegyricum
1091 873 1123 904 in
1154 873 1282 905 laudem
1306 873 1420 905 Iustini
1445 874 1586 915 scripsit,
1621 875 1683 905 iam

60 933 165 964 fessus
189 932 321 963 senio¹⁴⁵¹
350 931 505 973 Corippus
530 935 597 963 erat
620 935 650 963 et
673 932 803 972 insuper
826 932 1061 963 calamitatibus
1085 933 1294 972 quibusdam,
1331 943 1411 973 quae
1436 934 1591 965 fortunam
1617 934 1685 965 cius

59 995 250 1029 merserant,
282 992 326 1023 ita
357 991 512 1030 afflictus,
547 995 580 1022 ut
610 1001 671 1022 non
703 991 768 1021 suis
800 991 938 1031 viribus,
973 992 1030 1022 sed
1060 992 1259 1033 imperatoris
1290 996 1410 1024 tantum
1435 1003 1493 1033 ope
1518 1003 1684 1033 resurgere

58 1061 153 1093 posse
177 1051 236 1083 sibi
260 1051 423 1082 videretur
434 1051 484 1090 ¹⁷).
532 1050 616 1088 Quid
645 1050 773 1081 adversi
798 1051 935 1091 Corippo
959 1051 1127 1088 acciderit,
1163 1062 1179 1083 6
1204 1052 1314 1093 paucis
1339 1063 1511 1093 parumque
1535 1052 1684 1084 dilucidis

58 1111 203 1150 indiciis,
231 1111 346 1150 quibus
370 1110 409 1142 de
434 1110 605 1141 infortunio
630 1120 686 1141 suo
710 1109 864 1150 loquitur.
899 1120 954 1151 pro
979 1114 1063 1141 certo
1087 1111 1235 1151 cognosci
1259 1111 1313 1142 vix
1337 1116 1451 1153 potest,
1498 1113 1586 1143 Nihil
1611 1123 1686 1144 con-

58 1174 121 1203 stat
142 1170 203 1202 nisi
227 1180 303 1202 casu
327 1170 463 1210 quodam
487 1169 608 1201 infelici
643 1169 818 1210 (‘foi·tunae
842 1170 913 1209 ira')
950 1170 1079 1211 Corippi
1102 1171 1326 1211 patrimonium
1350 1171 1483 1212 periisse
1517 1172 1684 1211 xfnudatus

57 1231 193 1272 propriis
203 1231 219 1271 ')
247 1240 382 1270 eumque
405 1230 445 1261 ab
469 1229 658 1270 imperatore
675 1229 880 1270 expetivisse,
908 1233 941 1261 ut
956 1229 1110 1261 beneficio
1140 1230 1239 1268 (sine
1256 1231 1428 1272 composito
1445 1231 1682 1268 medicamine',

62 1291 233 1324 ί111111161·6’)
256 1293 476 1331 paupertatem
493 1300 584 1321 suam
600 1289 792 1320 sublevaret.
835 1288 961 1329 Siquid
984 1289 1068 1320 ultra
1091 1289 1209 1321 audere
1232 1290 1337 1329 liceat,
1365 1290 1512 1331 equidem
1536 1290 1578 1322 ad
1602 1291 1687 1322 locos

59 1350 138 1381 duos
161 1350 367 1390 respexerim,
395 1350 510 1390 quibus
527 1348 655 1380 Africae
679 1348 861 1389 provinciae
885 1348 1030 1380 miserias
1047 1349 1203 1390 Corippus
1228 1349 1272 1380 ita
1296 1350 1497 1389 lamentatur,
1525 1354 1559 1381 ut
1581 1350 1685 1391 ipsum

57 1410 126 1441 eius
151 1409 385 1441 calamitatibus
409 1418 596 1451 oppressum
620 1418 690 1440 esse
714 1408 945 1449 suspicerisffi).
995 1408 1141 1439 Forsitan
1170 1409 1352 1447 heredium,
1386 1410 1470 1449 quod
1494 1410 1631 1451 Corippo
1654 1410 1686 1441 in

57 1469 161 1510 patria
184 1468 303 1507 fuerat,
330 1470 415 1501 bello
438 1469 578 1500 Maurico
601 1467 741 1499 infausto
766 1468 824 1499 sub
848 1467 942 1499 finem
966 1468 1057 1508 regni
1080 1468 1249 1500 Iustiniani
1273 1469 1415 1501 funditus
1439 1469 1579 1501 deletum
1603 1474 1681 1502 erat.

51 1529 120 1560 Iam
143 1528 185 1560 ad
208 1529 410 1570 imperatoris
433 1527 683 1560 misericordiam
708 1527 914 1567 confugiens,
950 1538 1010 1567 quo
1039 1528 1155 1559 certius
1179 1529 1243 1559 voti
1266 1539 1394 1569 compos
1419 1529 1490 1568 fiat,
1525 1533 1619 1570 po'cta
1642 1531 1682 1561 ab

143 1700 183 1731 12)
204 1702 230 1724 in
250 1701 314 1725 laud.
338 1702 398 1724 Iust.
422 1701 457 1723 IV
480 1699 612 1723 181—185
633 1706 739 1728 namque
758 1699 813 1721 illos
833 1699 902 1721 donis
922 1700 1066 1728 conscriptis
1086 1700 1199 1729 patribus
1219 1707 1311 1729 aequos

631 1749 685 1764 esse
704 1742 788 1771 dedit,
810 1748 866 1764 cum
885 1742 962 1764 distet
981 1742 1066 1764 honor.
1106 1743 1234 1771 vigilantia
1253 1744 1332 1765 noctis

632 1785 675 1807 hoc
695 1785 788 1807 meruit
807 1785 919 1813 carisque
940 1784 1025 1807 favens
1045 1785 1168 1813 sapientia
1188 1785 1275 1808 Musis,

631 1827 724 1850 doctior
743 1831 767 1849 et
786 1827 902 1856 princeps
921 1828 1005 1855 novit,
1028 1827 1091 1856 quod
1112 1828 1195 1850 littera
1215 1835 1295 1851 rerum

633 1876 689 1899 pars
708 1876 796 1898 magna
814 1872 865 1898 est,
888 1876 1041 1899 magnusque
1060 1870 1128 1892 labor
1147 1871 1312 1893 scribentibus
1331 1872 1416 1894 instat.

144 1922 184 1951 13)
205 1923 231 1945 111
250 1922 317 1945 laud.
338 1922 400 1945 Iust.
422 1922 457 1944 IV
479 1920 620 1944 173-176.

144 1973 182 2002 14)
205 1974 292 1997 Anast.
314 1973 355 1996 47.
377 1972 418 1996 48.

160 2031 182 2053 ’1

144 2024 173 2048 15
205 2024 259 2048 Not.
281 2025 357 2053 Dign.
379 2024 488 2047 Orientis
508 2024 563 2047 XII.
606 2024 612 2034 ⁴
625 2023 762 2051 (Quaestor)
784 2023 891 2045 officium
912 2030 959 2045 non
979 2023 1062 2049 habet,
1083 2023 1124 2045 sed
1145 2022 1271 2045 adiutores
1290 2023 1321 2046 de
1341 2024 1437 2046 scriniis
1457 2030 1518 2053 quos
1539 2023 1667 2047 voluerit'.

145 2074 185 2104 16)
205 2075 272 2098 laud.
293 2075 355 2098 lust.
376 2075 456 2105 praef.
478 2074 508 2098 37
530 2075 598 2097 senio
617 2074 729 2097 dextram
749 2075 788 2103 pie
808 2074 905 2104 porrige
925 2074 998 2096 sesso.

204 2117 270 2141 laud.
293 2118 380 2141 Anast.
402 2117 435 2140 48
532 2118 612 2140 fessae
632 2117 748 2139 miserere
768 2120 891 2139 senectae,

148 2167 185 2197 17)
208 2168 274 2192 land.
296 2168 358 2192 lust.
379 2168 458 2198 praef.
480 2167 510 2191 41
532 2169 603 2191 vince
622 2174 690 2191 meae
711 2174 808 2190 saevam
827 2168 956 2196 soi-tunae,
978 2167 1107 2196 deprecor,
1130 2167 1200 2189 iram.

527 2211 625 2233 vincere
644 2211 769 2233 fortunam
788 2211 844 2240 plus
864 2212 901 2232 est
920 2216 995 2239 qnam
1014 2211 1113 2232 vincere
1133 2209 1204 2232 bella.

528 2253 636 2276 nudatus
656 2253 762 2282 propriis
782 2255 806 2275 et
825 2253 930 2283 plurima
949 2253 1051 2275 vulnera
1070 2259 1157 2282 passus

529 2295 559 2318 ad
578 2295 701 2318 medicum
721 2296 793 2323 veni,
816 2295 929 2324 precibus
948 2296 989 2324 pia
1008 2298 1106 2324 pectora
1124 2295 1242 2324 pulsans,

476 2337 508 2361 45
528 2338 558 2361 ad
577 2337 715 2368 medicum,
737 2339 810 2361 verbo
829 2340 923 2368 pestem
944 2338 986 2367 qui
1005 2338 1133 2360 submovet
1153 2344 1202 2360 uno

529 2383 554 2403 et
573 2381 628 2403 sine
647 2381 781 2410 composito
800 2380 964 2403 medicamine
983 2380 1086 2403 vulnera
1104 2383 1181 2404 curat.

528 2423 586 2446 huic
606 2430 650 2452 ego
669 2424 782 2452 sananti,
805 2424 825 2446 si
845 2430 894 2452 qua
913 2425 951 2445 est
970 2423 1060 2445 fidncia
1079 2424 1172 2451 servis,

529 2468 608 2495 grates
627 2472 726 2495 semper
744 2472 788 2495 ago
807 2468 831 2489 et
850 2472 892 2495 pro
911 2472 1014 2488 munere
1034 2466 1144 2488 earmina
1162 2468 1240 2495 porto.

151 2516 187 2545 18)
210 2517 276 2539 land.
298 2517 386 2540 Anast.
408 2516 440 2540 36
923 2517 1071 2545 generaliter
1089 2517 1141 2539 orbi

532 2565 681 2589 quamquam
700 2560 842 2589 provideas,
864 2560 947 2582 miseri
967 2560 1107 2588 specialiter
1126 2559 1180 2582 Afri

533 2602 559 2625 in
579 2605 603 2625 te
623 2603 704 2625 oculos
724 2605 800 2631 atque
819 2609 859 2624 ora
878 2602 973 2625 ferunt.
1011 2602 1062 2630 agit
1081 2602 1164 2624 Africa
1183 2604 1278 2630 grates,

533 2648 559 2668 et
577 2647 684 2667 vestram
703 2645 751 2667 iam
771 2645 849 2667 sentit
867 2651 952 2674 opem,
973 2644 1127 2673 gaudetque,
1150 2643 1215 2673 qnod
1234 2644 1317 2673 ampla

534 2694 630 2717 semper
648 2687 774 2710 Anastasii
794 2688 907 2710 referunt
926 2686 1014 2709 solacia
1034 2687 1109 2710 cives.

532 2736 570 2752 me
589 2736 688 2760 quoque
708 2730 869 2759 gaudentem,
892 2732 1051 2759 quaestorum
1071 2729 1191 2757 maxime,
1214 2729 1297 2753 redde.

211 2776 276 2799 laud.
298 2777 360 2800 lust.
383 2777 393 2799 I
415 2776 511 2800 18—21
