2034 3108
212 415 250 442 bo

211 1029 249 1057 57

212 1492 249 1521 58

278 159 317 186 245
993 153 1168 180 HISTORIA

784 316 918 357 LIBER
945 315 1064 356 FIDEI
1091 314 1377 356 CATHOLIUAE.

364 414 387 443 l.
424 413 535 454 Regali
559 413 689 454 imperio
713 412 786 443 fidei
811 411 1000 450 catholicae,
1027 420 1120 450 quam
1143 413 1304 441 tenemus.
1331 408 1542 450 praecipimur
1564 408 1695 439 reddere
1720 407 1882 438 rationem.

278 464 414 504 ideoque
443 464 648 505 adgredimur
678 474 732 505 pro
763 466 937 494 nostrarum
969 462 1081 493 virium
1112 461 1344 494 mediocritate,
1376 459 1481 490 divino
1505 459 1575 490 fulti
1598 458 1772 491 adiutorio.
1806 468 1886 497 quae

278 515 434 547 eredimus
469 516 518 547 vel
551 515 771 557 praedit-amus
802 514 938 545 breviter
967 514 1121 545 intimare.
1176 512 1313 543 Primum
1344 511 1440 550 igitur
1470 511 1509 542 de
1539 511 1660 542 unitate
1691 510 1885 541 substantiae

277 567 375 608 patris
406 571 437 598 et
468 567 542 600 tilii.
576 567 659 606 qnod
683 566 795 597 Graeci
826 565 1010 597 homousion
1041 565 1162 603 dieunt7
1196 562 1416 604 exponendum
1447 562 1537 593 nobis
1560 572 1631 593 esse
1654 561 1884 601 cognoscimus.
1907 569 1918 586 ‹·›

277 619 401 650 Patrem
426 629 500 659 ergo
524 622 555 650 et
577 619 675 649 tilium
700 622 730 649 et
754 617 897 658 spiritum
922 620 1065 648 sanetum
1089 616 1133 647 ita
1155 615 1187 646 in
1211 615 1329 645 unitate
1353 613 1479 645 deitatis
1503 612 1692 654 profitemur,
1720 616 1754 644 ut
1776 616 1807 644 et
1829 622 1887 653 pa-

277 673 355 701 trem
384 670 416 701 in
446 680 504 701 sua
534 670 735 711 proprietatis
766 679 900 710 persona
929 668 1119 706 subsistere,
1153 669 1185 698 et
1206 666 1306 697 tilium
1330 665 1535 696 nihilominus
1564 664 1597 696 in
1622 664 1748 706 propria
1779 667 1885 695 extare

277 730 411 761 persona
433 725 528 761 atque
552 721 694 762 spiritum
719 724 860 751 sanetum
885 729 1037 760 personae
1061 728 1138 749 suae
1161 717 1385 759 proprietatem
1415 716 1550 748 retinere
1579 716 1666 747 fideli
1689 715 1886 747 confessione

276 772 443 805 fateamur.
470 783 531 803 non
556 772 690 804 eundem
715 771 900 803 adserentes
922 774 1042 812 patrem
1067 779 1159 809 quem
1183 769 1298 808 filium,
1325 778 1425 808 neque
1449 768 1582 799 eundem
1606 767 1705 798 tilium
1737 766 1888 799 confiten-

276 826 324 854 tes
354 824 407 863 qui
438 827 528 864 pater
550 823 591 854 sit
618 827 673 854 aut
699 823 828 864 spiritus
852 826 995 853 sanetus:
1030 831 1132 861 neque
1154 821 1199 852 ita
1222 820 1365 861 spiritum
1389 823 1531 850 sanetum
1554 818 1743 860 accipimus,
1777 822 1811 849 ut
1833 821 1887 849 aut

277 878 366 915 pater
389 875 430 906 sit
451 878 506 906 aut
528 874 622 906 filius.
650 874 707 905 sed
730 874 906 914 ingenitum
930 877 1049 914 patrem
1073 876 1105 904 et
1127 872 1167 904 de
1190 875 1278 913 patre
1301 871 1441 911 genitum
1465 870 1564 901 filium
1588 874 1619 902 et
1642 870 1680 902 de
1704 873 1792 911 patre
1815 879 1887 910 pro—

276 926 439 958 cedentem
464 926 606 967 spiritum
631 929 773 957 sanetum
798 926 890 957 unius
914 925 1071 956 eredimus
1095 934 1165 956 esse
1188 922 1383 954 substantiae
1408 922 1457 953 vel
1487 922 1661 961 essentiae,
1694 921 1769 961 quia
1796 920 1887 961 inge-

276 977 333 1008 niti
356 977 454 1018 patris
478 981 509 1008 et
531 977 629 1017 geniti
652 977 709 1008 tilii
733 980 764 1008 et
786 976 986 1018 procedentis
1010 975 1138 1017 spiritus
1163 974 1264 1006 saneti
1288 984 1349 1005 una
1373 977 1420 1005 est
1443 973 1563 1012 deitas7
1596 976 1660 1004 tres
1684 982 1756 1004 vero
1780 981 1887 1013 perso—

277 1039 388 1059 narum
423 1029 640 1070 proprietates,
689 1029 728 1060 Et
761 1028 836 1069 quia
866 1031 973 1059 eontra
1004 1028 1085 1059 hane
1116 1025 1303 1058 catholicam
1334 1025 1384 1056 vel
1415 1024 1622 1066 apostolicam
1652 1024 1747 1056 tidem
1779 1027 1886 1055 exorta

276 1079 418 1111 haeresis
434 1080 604 1112 novitatem
622 1080 779 1119 quamdam
796 1079 974 1119 induxerat,
1000 1078 1150 1110 adserens
1174 1077 1273 1108 filium
1297 1087 1357 1107 non
1381 1076 1420 1107 de
1443 1076 1542 1117 patris
1566 1075 1743 1107 substantia
1765 1078 1883 1114 natum⁷

278 1131 334 1162 sed
350 1141 388 1162 ex
412 1131 508 1162 nullis
531 1131 722 1169 extantibus⁷
748 1131 781 1162 id
805 1134 852 1162 est
874 1141 913 1162 ex
936 1130 1037 1161 nihilo
1060 1129 1254 1160 substitisse:
1283 1128 1323 1159 ad
1347 1128 1428 1159 hane
1450 1127 1622 1168 impietatis
1645 1126 1883 1168 professionem,

277 1193 359 1222 quae
376 1186 482 1214 eontra
498 1182 591 1214 tidem
609 1185 790 1221 emerserat7
817 1181 1025 1212 refellendam
1049 1184 1080 1212 et
1103 1180 1227 1222 penitus
1250 1179 1438 1210 abolendam
1462 1179 1646 1210 homousion
1670 1188 1771 1209 sermo
1794 1187 1887 1217 grae-

277 1244 332 1265 cus
363 1234 481 1274 positus
512 1237 576 1273 est,
610 1233 694 1273 quod
717 1233 941 1273 interpretatur
964 1233 1056 1264 unius
1080 1231 1277 1263 substantiae
1300 1231 1351 1262 vel
1374 1230 1549 1262 essentiae,
1582 1229 1765 1269 significans
1788 1229 1886 1260 filium

277 1295 338 1316 non
369 1296 407 1316 ex
430 1285 527 1316 nullis
552 1285 731 1316 extantibus
754 1294 811 1316 nee
835 1294 873 1316 ex
897 1284 962 1315 alia
985 1283 1179 1323 substantia7
1213 1282 1269 1314 sed
1293 1282 1332 1313 de
1356 1284 1444 1323 patre
1468 1285 1575 1312 natum
1599 1290 1680 1312 esse.
1730 1280 1790 1318 Qui
1813 1290 1887 1320 ergo

277 1340 367 1378 putat
403 1336 588 1368 homousion
618 1336 844 1375 auferendum7
879 1346 918 1366 ex
954 1335 1053 1366 nihilo
1089 1335 1156 1366 vult
1185 1334 1333 1365 adserere
1363 1333 1461 1364 filium
1492 1332 1644 1364 extitisse.
1693 1332 1757 1363 Sed
1788 1331 1813 1362 si
1848 1342 1887 1362 ex

277 1388 377 1419 nihilo
407 1398 468 1419 non
498 1391 561 1427 est,
597 1398 635 1419 ex
660 1391 747 1428 patre
772 1387 840 1419 sine
864 1387 959 1418 dubio
983 1389 1047 1426 est,
1074 1389 1106 1417 et
1127 1388 1211 1417 reete
1234 1384 1435 1424 homousion,
1462 1384 1494 1415 id
1518 1387 1566 1415 est
1588 1383 1681 1414 unius
1705 1392 1774 1414 eum
1799 1386 1887 1424 patre

277 1439 483 1479 substantiae,
510 1439 595 1470 filius
618 1443 675 1470 est.

363 1491 405 1521 ΙΙ.
433 1491 481 1521 Ex
505 1493 592 1531 patre
615 1494 721 1522 autem
745 1500 825 1530 esse,
852 1490 885 1521 id
908 1492 956 1521 est
978 1488 1071 1520 unius
1094 1498 1163 1519 eum
1188 1491 1276 1529 patre
1300 1487 1512 1525 substantiae7
1547 1486 1597 1516 his
1620 1485 1807 1517 testimoniis
1831 1485 1888 1516 ad-

278 1542 437 1583 probatur,
464 1542 606 1583 apostolo
630 1541 771 1573 dieente:
800 1541 865 1582 qui
888 1551 972 1572 eum
996 1540 1048 1571 sit
1071 1539 1266 1581 splendor
1288 1538 1450 1578 gloriae
1474 1540 1512 1569 et
1535 1537 1672 1577 figura
1695 1537 1887 1568 substan-

278 1593 362 1625 tiae
386 1593 488 1632 eius,
517 1602 665 1633 gerens
689 1602 849 1632 quoque
872 1591 1005 1623 omnia
1027 1591 1148 1622 verbo
1171 1589 1344 1621 virtutis
1369 1599 1477 1621 suae.
1519 1590 1559 1620 Et
1581 1589 1693 1620 iterum
1717 1588 1784 1629 ipse
1808 1587 1886 1619 deus

279 1648 368 1686 pater
395 1644 627 1676 incredulorum
656 1644 819 1684 perfidiam
842 1643 1030 1683 obiurgans,
1063 1641 1117 1681 qui
1139 1641 1352 1682 praedicantis
1375 1651 1431 1682 per
1452 1640 1622 1681 prophetas
1646 1639 1701 1671 filii
1725 1649 1832 1670 vocem
1856 1639 1888 1670 in

279 1705 336 1727 sua
353 1696 532 1728 substantia
548 1699 726 1727 manentem
742 1695 853 1726 audire
868 1695 1045 1733 noluerunt,
1069 1693 1164 1725 dixit:
1193 1703 1266 1724 non
1290 1703 1337 1723 au
1348 1692 1436 1723 dier
1445 1695 1513 1723 unt
1536 1702 1670 1723 vocem
1695 1691 1889 1722 substan-

278 1748 363 1779 tiae
387 1758 512 1779 meae:
545 1757 638 1788 quam
656 1757 762 1778 vocem
787 1746 984 1778 substantiae
1007 1748 1216 1786 contemptam
1240 1744 1371 1776 terribili
1395 1744 1620 1775 contestatione
1643 1743 1819 1784 increpans
1847 1743 1889 1774 ad

280 1799 414 1831 eundem
439 1799 624 1840 prophetam
649 1798 786 1839 loquitur
802 1797 927 1829 dicens:
956 1807 1074 1838 super
1097 1800 1254 1828 montes
1277 1795 1457 1836 aecipite
1480 1795 1685 1836 planetum
1710 1797 1746 1826 et
1769 1803 1889 1834 super

349 1902 388 1931 243
412 1901 496 1928 Hebr.
520 1903 540 1931 l,
563 1904 585 1925 3.
694 1901 731 1930 2ῖ)
755 1900 852 1926 lerem.
873 1902 897 1931 9,
922 1901 959 1924 10.
1066 1900 1106 1929 29)
1128 1898 1196 1925 ibid.

353 2066 360 2089 1
391 2072 492 2088 Εκηηκ
517 2072 594 2088 tumn
615 2071 632 2086 11
657 2065 720 2088 :lutee
738 2072 785 2086 om.
807 2064 835 2091 L]
866 2069 963 2086 mcu‘rr
982 2069 1060 2085 LIBER
1081 2063 1135 2091 (om.
1157 2062 1185 2091 V)
1214 2068 1286 2084 me
1307 2068 1467 2085 cATHoLICAB
1487 2061 1554 2083 13le
1563 2061 1587 2088 V,
1619 2067 1671 2083 mc.
1692 2067 1814 2083 1211313L1r1³s
1834 2067 1889 2083 izi-1—

281 2115 413 2132 scororwm
432 2114 629 2130 cxruorrvomtnr
650 2114 683 2130 AD
702 2112 857 2128 HL'NBIUCUM
876 2112 964 2128 REGEM
984 2111 1179 2127 UUANDALORUM
1200 2111 1287 2127 DATUM
1313 2104 1348 2133 A⁷
1379 2105 1452 2126 Liber
1471 2104 1602 2127 catholicae
1628 2104 1684 2126 fidei
1704 2112 1735 2132 p;
1764 2104 1835 2132 τπαὶςιο
1854 2103 1890 2126 hic

281 2152 340 2174 liber
358 2152 401 2173 III
420 2152 512 2180 incipit.
552 2150 614 2172 Bene
634 2151 712 2172 monet
732 2148 922 2178 Papeneordttus
942 2148 996 2171 hist.
1017 2147 1094 2170 Vand.
1114 2155 1140 2176 p.
1161 2149 1209 2169 369
1229 2149 1278 2170 not.
1295 2147 1324 2175 3,
1352 2147 1415 2169 hunc
1434 2147 1542 2170 libellum
1558 2148 1678 2176 posterius
1702 2147 1800 2168 Victoris
1818 2146 1890 2168 histo-

282 2195 330 2217 riae
350 2195 466 2217 insertum
485 2200 531 2215 esse
551 2193 640 2218 videri,⁴
666 2192 813 2220 uryumentis
838 2191 867 2213 ab
892 2198 917 2213 eo
939 2192 1039 2220 prolatis
1064 2190 1105 2213 hoc
1130 2189 1268 2212 addendum
1293 2192 1340 2219 est,
1368 2189 1475 2212 libellum
1499 2196 1549 2213 non
1567 2191 1686 2212 continere
1705 2189 1759 2219 fidei
1778 2189 1891 2217 doynmm

283 2237 392 2260 brevibus
405 2237 529 2259 sententiis
543 2238 666 2264 conceptu,
688 2234 728 2257 sed
743 2237 874 2256 tractatum
886 2234 1048 2262 doymaticum
1058 2233 1181 2262 prolixum
1194 2232 1221 2254 de
1234 2240 1283 2255 unu
1299 2233 1406 2255 trinitate
1511 2232 1524 2255 2
1544 2235 1656 2255 tenemur
1675 2232 1696 2253 B
1801 2232 1813 2253 :5
1834 2232 1890 2254 sulti

282 2287 329 2302 «1111.
348 2287 365 2308 p
469 2278 560 2301 auxilio
582 2279 601 2300 A
706 2284 769 2306 quae
790 2277 825 2298 A:
846 2276 909 2305 quod
929 2275 1030 2305 BLRV,
1051 2282 1123 2305 quam
1141 2282 1157 2304 p
1263 2275 1276 2295 ι’)
1296 2275 1437 2298 homousion
1458 2276 1496 2297 A:
1516 2275 1641 2298 omousion
1660 2274 1753 2296 BLRV
1770 2274 1888 2305 (semiper),

284 2322 410 2344 homousio
428 2329 444 2350 p
475 2323 506 2343 xic
523 2320 670 2350 plerumque)
777 2319 945 2348 cognoscimur
961 2319 981 2341 Α
1087 2317 1100 2340 7
1121 2325 1165 2340 sua
1183 2318 1340 2347 proprietatis
1359 2324 1463 2347 persona
1483 2318 1550 2340 ΑΒΕ
1558 2318 1589 2339 V:
1610 2325 1653 2340 sua
1672 2318 1818 2347 proprietate
1837 2325 1890 2347 per-

283 2372 356 2388 sonae
375 2365 422 2393 Rp,
444 2372 501 2387 snae
522 2364 669 2393 proprietate
689 2369 805 2392 personae
825 2361 862 2385 ed.
878 2361 952 2384 Ram.
1059 2361 1166 2383 excitare
1185 2360 1203 2382 V
1306 2361 1320 2383 S
1340 2361 1439 2383 retineri
1454 2360 1500 2382 BV
1601 2360 1615 2382 ¹.)
1635 2367 1714 2389 neque
1733 2360 1839 2382 eundern
1853 2360 1888 2382 A:

284 2408 387 2430 eundem
407 2414 453 2429 07¹1.
476 2406 581 2435 BthVp
600 2408 621 2428 et
639 2406 712 2433 7¹11!er
830 2404 858 2427 10
877 2402 932 2435 qni]
951 2404 1009 2433 quia
1028 2404 1059 2433 R,
1080 2410 1128 2433 qua
1144 2410 1161 2432 p
1274 2403 1305 2425 sit
1323 2409 1370 2426 om.
1392 2404 1413 2425 A
1526 2404 1559 2425 ita
1578 2411 1623 2426 om.
1646 2403 1683 2432 Rp
1796 2403 1890 2432 aceepi-

286 2458 337 2473 mus
355 2457 371 2479 p
478 2449 503 2472 11
526 2450 554 2471 de.
574 2451 641 2478 patrn·
662 2448 768 2470 ABLV:
789 2447 818 2470 de
838 2450 905 2476 patre
924 2450 949 2469 et
968 2447 1018 2469 filio
1037 2446 1075 2475 Rp
1094 2448 1115 2468 et
1134 2446 1214 2474 vzdyo,
1236 2445 1270 2474 cf.
1291 2447 1358 2475 infra
1376 2446 1598 2474 recapitulationem
1617 2448 1632 2472 ‚S
1651 2447 1683 2468 95
1789 2445 1818 2468 12
1838 2444 1890 2477 nel]

284 2497 309 2516 et
326 2500 342 2522 p
450 2492 477 2514 Η
498 2492 598 2514 exhorta
620 2491 687 2513 BRV
793 2490 821 2512 15
843 2491 927 2512 natum
948 2490 985 2511 A:
1004 2489 1117 2517 genitum
1137 2488 1244 2517 BLRVp
1263 2491 1284 2510 et
1302 2489 1375 2517 nulyo
1495 2488 1521 2511 17
1541 2489 1656 2518 poenitus
1675 2488 1815 2511 obolendanr
1835 2488 1856 2510 R

288 2535 316 2558 13
340 2534 415 2566 quod]
434 2535 476 2564 qni
498 2534 515 2556 1,
620 2534 747 2556 exsentiae
767 2533 787 2555 R
910 2531 940 2555 19
964 2532 1042 2554 nullis
1060 2533 1122 2554 mei.-
1149 2531 1206 2553 ullis
1226 2531 1247 2553 R
1266 2538 1329 2553 corr.
1349 2538 1443 2557 rasura,
1466 2531 1502 2554 ed.
1525 2531 1581 2554 Lor.
1602 2533 1623 2553 et
1641 2531 1713 2559 ralyo
1818 2534 1890 2553 natus

287 2578 305 2600 B
409 2584 464 2604 ergo
483 2578 544 2599 mei:
565 2583 622 2598 uero
641 2576 677 2598 ecl.
696 2575 769 2598 Ruin.
876 2574 903 2597 21
928 2575 950 2597 id
971 2577 1009 2597 est
1028 2581 1075 2597 om.
1088 2582 1105 2603 p
1210 2574 1240 2596 23
1260 2574 1405 2603 abprobatur
1418 2574 1439 2595 A
1544 2573 1574 2596 25
1593 2574 1647 2596 eius
1660 2580 1706 2596 om.
1724 2574 1742 2595 A
1847 2580 1888 2601 ge-

285 2628 340 2643 rens·
363 2639 366 2643 .
384 2639 388 2643 .
411 2626 494 2642 uocem
515 2620 539 2641 in
559 2626 603 2641 sna
625 2620 656 2642 (n.
678 2618 717 2647 241)
740 2626 787 2641 om.
806 2626 822 2646 p
956 2617 1030 2640 uerba
1054 2617 1073 2639 V
1089 2619 1109 2639 et
1133 2616 1235 2645 Vutgmtrt
1368 2616 1420 2645 ipse
1439 2616 1528 2638 iteruin
1549 2616 1569 2638 L
1707 2615 1739 2638 2⁶
1759 2616 1792 2638 tili
1813 2616 1855 2638 BL

285 2663 314 2686 27
334 2663 488 2685 substansia.
508 2681 512 2686 .
528 2660 671 2692 audierunt]
692 2664 716 2683 et
735 2661 897 2683 substantiam
917 2660 1049 2683 noluerunt
1068 2659 1153 2682 audire
1172 2659 1283 2682 heretici.
1317 2659 1387 2681 Dixit
1406 2659 1468 2681 alius
1487 2658 1604 2688 propheta
1622 2665 1669 2681 non
1690 2659 1823 2681 andierunt
1839 2667 1855 2688 p

284 2707 315 2729 25
336 2713 402 2728 meae
422 2706 458 2727 A:
479 2713 524 2728 nm.
547 2704 653 2733 BLRl'p
671 2706 692 2726 el
712 2704 785 2731 rutyo
806 2704 922 2732 (Vuzyata
942 2703 1024 2725 habet:
1045 2709 1091 2724 non
1111 2702 1244 2724 audierunt
1263 2708 1346 2723 uocem
1367 2701 1523 2730 possidentis}
1650 2703 1814 2730 vontcmptam
1835 2701 1888 2730 Ap:

285 2751 423 2771 rontcntam
443 2747 472 2775 le,
494 2750 587 2769 voutam
609 2747 662 2775 RV,
682 2753 736 2769 vum
756 2748 804 2768 taur
824 2746 844 2767 L
956 2745 1136 2768 contestatione
1156 2744 1232 2773 ARp:
1253 2745 1410 2766 intestatione
1432 2743 1475 2766 BL
1484 2744 1501 2765 V
1621 2744 1652 2766 22»
1671 2744 1773 2773 accipito
1794 2744 1830 2765 A:
1851 2752 1890 2766 ae-

286 2793 339 2821 ripe
358 2790 477 2820 L’Llei'p;
505 2790 607 2818 i'ulynta
627 2789 709 2812 habet.-
729 2795 803 2818 super
822 2790 917 2810 montes
936 2795 1057 2813 assumam
1078 2788 1161 2810 fletum
1182 2790 1206 2809 et
1225 2787 1358 2809 lamentum
1378 2789 1420 2809 etc.

1910 825 1935 844 lo

1911 1083 1936 1101 15

1908 1340 1936 1359 20

1908 1597 1936 1616 25
