2034 3108
330 155 370 183 46
1063 151 1207 178 (10R1P1’1

715 245 886 286 pennisere
910 245 1010 286 loqui7
1038 245 1209 287 digitisque
1234 246 1360 278 silentia
1384 246 1503 287 linguis

714 297 894 337 imposuere
918 297 994 328 suis.
1043 297 1135 329 docui
1160 302 1329 339 praecepta
1353 298 1490 329 iubentis

572 359 618 376 :un
717 347 868 388 principis
892 352 923 379 et
945 358 1072 379 morem.
1122 349 1223 390 pietas
1248 353 1281 381 ut
1303 359 1421 389 magna
1444 349 1582 389 regentis

715 399 820 430 omnia
843 399 1017 433 contineat,
1046 401 1154 431 erebro
1178 411 1323 432 sermone
1347 401 1480 432 cucurri.

715 451 861 482 virtutem
884 451 1068 483 indomitam
1098 452 1193 484 mista
1216 452 1356 484 bonitate
1379 452 1488 484 refovi.

716 512 813 543 saepe
836 502 939 533 minas
962 503 1102 535 addens.
1131 504 1287 535 Romanos
1310 514 1440 545 parcere
1464 503 1548 535 dixi.

716 553 772 585 sed
795 557 901 585 tamen
924 557 955 585 et
977 558 1091 594 gentes
1115 565 1239 596 semper
1262 555 1396 595 fregisse
1421 555 1575 596 superbas

572 616 619 634 :ua
716 605 857 637 funditus
882 609 912 637 et
936 606 1060 637 validos
1084 607 1169 638 bello
1193 607 1348 648 pressisse
1371 610 1539 647 tyrannos⁷

716 667 920 689 enumerans.
948 667 1028 697 quos
1052 659 1151 689 Roma
1174 661 1285 699 potens
1309 662 1441 699 postque
1464 658 1533 699 ipse
1557 658 1683 697 subegit

715 712 823 740 noster
845 709 884 740 ab
909 712 1049 740 extremo
1072 713 1264 751 temptantes
1287 710 1408 751 proelia
1431 709 1547 741 mundo

716 760 872 800 princeps.
921 761 1043 792 asserui
1067 761 1205 793 bellum,
1232 772 1406 802 pacemque
1430 771 1593 792 recurrens

716 812 846 847 edocui,
873 812 1064 853 tandemque
1089 812 1186 844 silens
1210 823 1362 854 responsa
1385 813 1492 854 petivi.

573 875 619 892 2⁵50
715 864 763 895 illi
786 864 868 895 inter
891 874 961 895 sese
984 864 1084 895 t'raoto
1109 874 1252 896 sermone
1276 865 1417 896 furentes

717 916 850 946 latratus
873 916 994 955 varios7
1022 916 1228 948 stridentibus
1252 916 1380 947 horrida
1403 916 1522 956 linguis

717 967 814 998 verba
836 967 943 998 ferunt
966 977 1099 1007 seseque
1123 978 1203 999 novo
1227 971 1344 999 terrore
1367 967 1547 998 revincunt.

716 1022 820 1049 monte
844 1018 909 1059 lupi
933 1018 1037 1049 medio
1061 1019 1176 1058 veluti,
1204 1029 1273 1050 cum
1298 1019 1407 1050 nubila
1431 1019 1504 1050 latis

716 1070 900 1101 incumbunt
921 1070 1029 1102 terris.
1058 1071 1232 1102 ululatibus
1255 1074 1330 1102 a'era
1354 1070 1471 1102 crebris

574 1132 620 1150 :ss-5»
716 1122 845 1162 pulsant
868 1132 985 1162 perque
1009 1131 1104 1152 cavas
1128 1125 1276 1153 resonant
1298 1122 1465 1153 latratibus
1491 1122 1627 1153 umbras.

718 1177 750 1204 ut
773 1173 897 1213 requies
920 1173 1005 1204 faeta
1028 1176 1077 1204 est
1099 1173 1230 1211 animis7
1258 1177 1332 1205 tune
1355 1173 1410 1204 ille
1434 1174 1589 1214 superbus

716 1224 795 1256 talia
818 1224 912 1255 verba
937 1224 1013 1255 mihi
1037 1224 1129 1255 dictis
1154 1224 1316 1265 respondit
1338 1224 1472 1256 acerbis.

721 1276 797 1307 ‘ista
822 1276 898 1306 mihi
922 1275 1000 1306 satis
1023 1279 1070 1307 est
1094 1276 1225 1307 Romani
1250 1276 1374 1316 cognita
1398 1276 1487 1317 regni

718 1338 818 1368 nuper
840 1330 932 1368 rupta
954 1327 1044 1358 fides.
1094 1328 1177 1359 ultra
1199 1337 1257 1359 nec
1284 1328 1397 1359 fallere
1421 1327 1587 1368 qnisquam

576 1390 621 1407 :wo
718 1379 856 1410 Antalan
879 1389 913 1410 se
937 1389 1029 1420 posse
1054 1382 1153 1420 putet.
1200 1379 1265 1410 iam
1289 1379 1407 1410 sufficit
1428 1379 1512 1410 istud

718 1430 866 1461 Armenio
891 1430 1019 1462 licuisse
1043 1431 1152 1462 semel.
1201 1440 1258 1461 vos
1281 1430 1375 1471 fingis
1398 1430 1517 1462 amicos

718 1485 785 1513 arte
809 1482 898 1512 mihi.
946 1492 1006 1513 non
1031 1485 1136 1513 vester
1159 1485 1267 1513 eram?
1311 1493 1373 1513 non
1397 1492 1493 1523 saepe
1517 1482 1639 1514 cucurri
1652 1487 1662 1513 ζ’

718 1544 779 1565 11011
803 1533 908 1564 iussus
932 1533 1031 1565 merui
1044 1537 1054 1564 ζ’
1074 1541 1076 1543 '
1099 1537 1210 1565 cautus
1234 1544 1296 1565 11011
1320 1534 1442 1575 proelia
1464 1534 1550 1575 gessi

719 1596 773 1626 pro
798 1585 947 1625 ducibus7
975 1585 1133 1625 Romane⁷
1160 1585 1222 1617 tuis
1235 1589 1246 1616 :²
1290 1595 1340 1617 res
1364 1586 1492 1627 publiea
1515 1590 1597 1617 certe

577 1648 622 1665 aaz.
720 1636 784 1667 fida
807 1637 884 1668 satis
908 1637 1101 1677 sanguisque
1125 1640 1215 1676 tuus⁷
1243 1647 1410 1677 germane,
1438 1637 1573 1677 fatetur,

721 1688 902 1720 Guarizila.
930 1688 1019 1719 ducis
1042 1688 1130 1719 iussu
1154 1688 1207 1727 qui
1231 1688 1322 1720 fusus
1344 1689 1443 1729 iniqui
1468 1693 1526 1721 est.

720 1740 924 1780 Armeniique
948 1740 992 1770 tui
1017 1739 1123 1770 docuit
1145 1739 1221 1770 mihi
1243 1739 1367 1771 reddita
1394 1751 1533 1773 merces.

721 1791 868 1831 frangere
892 1791 992 1831 quod,
1020 1791 1108 1822 nisus
1132 1794 1236 1822 nostra
1261 1791 1394 1831 virtute7
1422 1796 1590 1832 tyrannum

720 1842 888 1874 Guntarith
912 1843 963 1873 bic
986 1843 1097 1883 potnit.
1145 1843 1214 1883 paei
1239 1843 1282 1874 sic
1306 1843 1388 1874 fidus
1411 1843 1551 1876 amicae.

578 1905 622 1923 227«.
721 1894 765 1925 sie
788 1894 937 1925 meritus.
965 1894 1079 1925 vestris
1103 1894 1187 1933 qnod
1211 1894 1275 1925 favi
1300 1904 1396 1935 saepe
1420 1895 1605 1936 triumphis,

720 1945 798 1977 haee
821 1956 880 1985 ego
904 1945 1003 1986 digna
1025 1945 1099 1976 tuli:
1128 1945 1217 1976 vobis
1242 1946 1316 1986 quia
1338 1946 1424 1977 bella
1447 1947 1568 1987 peregi.

721 1996 853 2028 haecine
877 2000 984 2028 vestra
1007 1996 1086 2028 fides
1097 2000 1108 2026 1)
1151 1997 1233 2028 tales
1256 1997 1436 2029 referuntur
1458 1998 1551 2029 amici
1563 2002 1574 2028 2>

721 2048 914 2079 Artabanum
939 2048 1032 2079 modo
1056 2051 1147 2087 grata
1170 2048 1264 2087 mihi,
1292 2048 1431 2083 fortuna,
1460 2049 1620 2086 dedisses,

721 2103 803 2130 sorte
827 2110 910 2130 nova
934 2099 1023 2130 fortis
1048 2099 1166 2139 pariter
1188 2109 1257 2130 eum
1282 2104 1388 2131 noster
1411 2100 1541 2140 Ilaguas

579 2163 624 2181 :173
723 2154 827 2182 castra
850 2150 932 2191 regit
954 2154 1129 2191 gentesque
1153 2151 1239 2182 ferae
1264 2151 1303 2182 de
1326 2151 1440 2182 finibus
1464 2152 1586 2183 Austri!

723 2212 802 2241 quas
826 2205 931 2233 tamen
957 2212 1029 2233 ecce
1054 2205 1144 2243 parat
1168 2202 1277 2233 ductor
1300 2205 1454 2243 temptare
1479 2203 1635 2235 Iohannes

721 2253 820 2284 milite
844 2264 914 2284 cum
938 2263 1045 2294 parvo.
1095 2263 1203 2294 pacem
1227 2254 1279 2293 qui
1304 2264 1455 2294 quaerere
1478 2258 1616 2286 nostram

722 2314 782 2334 non
806 2304 917 2335 humili
941 2314 1010 2335 eum
1035 2305 1101 2335 iure
1126 2308 1231 2345 putat.
1260 2304 1316 2336 sed
1340 2305 1476 2336 callidus
1500 2309 1583 2338 arte.

722 2365 851 2396 poscere
874 2365 951 2395 quos
976 2355 1100 2393 decuit,
1129 2355 1219 2386 vanis
1243 2356 1413 2387 terroribus
1437 2360 1528 2388 artat.

576 2421 621 2437 :is-1
720 2410 765 2437 tot
788 2406 864 2437 mihi
888 2410 958 2447 post
980 2407 1110 2437 meritos
1135 2407 1276 2438 subiecto
1300 2407 1399 2438 Marte
1423 2408 1615 2449 triumphos.

721 2457 852 2489 dextera
875 2468 953 2497 quos
977 2458 1101 2493 tribuit,
1129 2458 1264 2489 ducibus
1288 2459 1402 2490 virtute
1426 2460 1614 2501 peremptis.

404 2589 453 2612 3:58
474 2590 605 2619 promisere
627 2589 646 2610 'I'
748 2588 879 2617 dignisque
897 2588 916 2610 T
1020 2588 1064 2611 :⁵41
1088 2589 1182 2611 cucurri
1200 2589 1228 2617 T,
1251 2590 1341 2612 recurri
1356 2589 1489 2612 Mommsen
1594 2589 1642 2612 :515
1663 2590 1781 2618 pressisse
1801 2590 1886 2621 Rekk.‚
1907 2592 1948 2615 de-

337 2633 429 2662 perisse
445 2632 472 2657 T.
489 2633 591 2661 periisse
608 2631 682 2654 Jlazz.
777 2632 824 2654 :445
844 2639 978 2661 pacemque
995 2632 1022 2661 T,
1038 2639 1154 2661 pacemne
1168 2633 1223 2660 teyit
1238 2631 1313 2655 Maza
1408 2632 1456 2654 :153
1477 2634 1584 2654 montem
1601 2632 1620 2653 T
1708 2632 1752 2655 :361
1774 2635 1878 2656 aremeio
1896 2635 1915 2656 T

336 2676 435 2697 livuisse
454 2676 480 2703 T,
496 2676 608 2697 nemisse
624 2674 696 2697 Μαῖα,
781 2675 859 2697 semul
877 2675 896 2696 T
977 2682 1020 2697 uos
1032 2676 1126 2704 scripsi,
1142 2682 1201 2704 quos
1217 2675 1237 2696 T
1319 2676 1389 2702 fingis
1406 2675 1433 2701 Τ,
1453 2675 1521 2703 fingit
1535 2675 1592 2703 Ieglit
1607 2674 1682 2698 anz.
1772 2675 1820 2699 362
1840 2677 1899 2699 mihi
1918 2678 1944 2701 T,

336 2726 397 2740 mma
419 2718 496 2741 Mum,
615 2718 662 2739 :³123
684 2718 764 2739 iussus
784 2718 879 2739 merui?
898 2720 985 2740 cautus
1007 2717 1099 2747 Muza,
1131 2718 1203 2740 iussis
1224 2718 1299 2740 merui
1321 2721 1408 2740 cautus
1431 2718 1463 2742 T.
1496 2718 1568 2740 iussis
1588 2719 1666 2740 merui
1687 2720 1792 2748 parens?
1813 2719 1943 2742 Mommsen

336 2762 383 2784 :um
404 2760 529 2783 mutarn-h
549 2760 568 2782 T
670 2760 717 2782 157ss
739 2761 840 2781 meritus
856 2760 938 2786 Rekk„
961 2761 1056 2783 meritis
1074 2761 1093 2782 T
1196 2760 1244 2782 :573
1265 2761 1372 2782 dedisset
1395 2760 1471 2783 Mat-t.
1578 2761 1625 2783 3751
1645 2761 1711 2783 serae
1730 2761 1844 2784 dubitans
1857 2762 1944 2789 Bet-lc„

337 2805 386 2825 sere
409 2804 427 2825 '1‘
533 2803 576 2825 :5⁸⁴1
601 2804 709 2832 pereptis
733 2803 752 2823 Τ
