2034 3108
767 176 994 203 PROOEMIVM.
1583 177 1702 208 XLVII

854 339 919 374 III.

162 429 353 461 Iohannidos
376 430 551 470 Corippeae
576 430 702 461 codices
725 431 832 471 plures
856 431 960 462 medio
984 442 1062 462 aevo
1086 432 1271 463 extiterunt:

164 491 348 528 casinensis,
376 499 470 528 quem
494 489 599 520 medio
622 489 688 520 fere
713 499 797 520 saec.
824 489 886 520 ΧΗ
910 490 1095 522 Desiderius
1118 491 1219 522 abbas
1243 492 1336 522 scribi
1360 492 1496 523 iusserat
1508 495 1525 533 ¹)

162 550 323 581 Butlensl's.
349 558 443 588 quem
467 549 534 579 Ioh.
562 548 776 589 Cuspinianus
800 549 877 580 vidit
887 550 923 587 2¹1.

162 610 267 638 terlius
290 609 385 639 codeoe
420 610 609 645 [Veronensis
633 608 738 639 forsan
760 634 764 638 .
798 619 814 639 e
842 619 903 648 quo
927 619 957 639 a.
984 609 1224 640 ΜΟὉΟΧΙΧἸΧΟ
1255 620 1366 641 versus
1390 612 1484 651 pauci
1507 612 1538 642 in
1562 612 1698 643 Florile—

205 668 290 707 gium
314 667 497 699 Veronense
526 668 751 706 (Veronensem
780 669 848 698 los.
875 672 969 699 antea
999 671 1064 699 1551
1095 669 1213 709 recepti
1238 673 1357 700 sunt&

76 727 156 759 Cum
179 730 284 758 autem
302 727 486 758 Casinensis
509 726 573 757 iam
597 727 726 758 saeculo
750 728 873 758 XVIIIO
896 728 1013 759 frustra
1037 738 1054 758 a
1072 728 1227 768 Poggium
1248 730 1410 768 quaesitus
1428 731 1468 761 sit
1478 733 1513 769 4),
1541 730 1699 762 Budensis

76 790 147 828 post
176 787 400 818 bibliothecam
431 786 599 818 Corvinam
631 786 787 827 direptam
819 797 974 827 nusquam
1005 787 1190 824 innotuerit.
1225 788 1307 819 tertii
1340 789 1457 820 codicis
1487 795 1612 830 praeter
1644 801 1700 822 ex-

76 850 184 887 cerpta
206 846 264 877 illa
287 846 483 877 Veronensia
512 846 647 886 vestigia
678 846 741 877 alia
772 846 900 877 inventa
932 857 994 877 non
1019 846 1098 885 sint.
1132 857 1212 878 unus
1238 848 1317 879 liber
1345 851 1554 880 Trz‘rullt'anus
1578 850 1619 880 ad
1642 860 1700 881 nos

76 906 231 947 pervenit.

163 965 332 997 Codicibus
362 965 481 1004 tribus7
514 965 568 1005 qui
590 965 767 1005 perierunt.
802 965 834 996 in
858 965 950 996 titulo
974 958 1078 1006 operis
1104 965 1319 1006 librorumque
1342 978 1472 999 numero
1496 969 1699 1000 restituendis

76 1024 275 1056 adiuvamur.
324 1025 430 1056 Titulo
454 1025 537 1056 enim
562 1025 781 1056 Trivultianus
806 1028 908 1057 caret.
935 1025 996 1055 nisi
1020 1025 1104 1065 quod
1127 1026 1158 1056 in
1183 1026 1274 1057 dorso
1299 1027 1411 1058 litteris
1436 1029 1701 1059 evanescentibus

77 1094 191 1115 nomen
218 1084 434 1116 ‘Crestonius'
459 1088 624 1116 exaratum
647 1088 705 1115 est.
755 1084 937 1115 Casinensis
965 1084 1021 1116 *de
1045 1085 1139 1116 bellis
1165 1086 1306 1126 Libyeis*
1332 1086 1502 1127 inscriptus
1526 1088 1601 1120 fuit.
1636 1089 1702 1119 Bu-

78 1144 186 1175 densis
217 1147 248 1175 et
272 1144 373 1175 codex
396 1144 441 1182 is.
475 1154 536 1184 quo
560 1144 726 1184 Florilegii
750 1144 940 1175 Veronensis
969 1147 1077 1175 auctor
1107 1155 1184 1175 usus
1216 1149 1281 1178 est.
1320 1145 1543 1178 ·Iolian11idos'
1575 1148 1701 1178 titulum

78 1213 154 1244 prae
179 1213 212 1235 se
235 1203 386 1235 tulerunt.
434 1204 587 1235 Neutram
617 1203 856 1244 inscriptionem
888 1203 1114 1243 spernendam,
1149 1208 1314 1245 utramque
1345 1216 1365 1236 a
1395 1210 1487 1246 po’e‘ta
1516 1206 1585 1247 ipso
1616 1208 1704 1247 operi

78 1263 212 1294 inditam
237 1273 308 1294 esse
331 1263 395 1294 iam
419 1263 539 1294 dudum
562 1263 622 1294 viri
645 1263 727 1294 docti
751 1266 991 1304 perspexerunt.
1040 1264 1081 1294 At
1104 1274 1204 1304 nuper
1227 1264 1354 1295 demum
1379 1266 1521 1306 quaestio
1546 1266 1585 1298 de
1610 1267 1705 1298 libro-

80 1333 148 1354 rum
178 1323 371 1354 Iohannidos
401 1323 542 1354 numeris
572 1322 737 1363 profligata
770 1327 828 1354 est.
880 1323 916 1353 In
947 1322 1056 1354 codiee
1090 1324 1287 1355 Trivultiano
1317 1335 1419 1365 neque
1449 1325 1549 1356 titulis
1580 1326 1708 1357 disertis

79 1392 182 1423 neque
205 1382 354 1420 numeris,
387 1383 444 1414 sed
468 1383 579 1423 spatiis
602 1386 724 1414 tantum
748 1382 937 1414 intermissis
962 1382 1033 1413 libri
1057 1383 1174 1423 singuli
1199 1383 1447 1423 distinguuntur.
1496 1385 1584 1422 Quae
1608 1386 1707 1417 inter-

79 1442 166 1473 valla
195 1442 366 1482 diligenter
397 1442 570 1483 respiciens
600 1442 867 1473 Mazzucchellius
897 1445 1018 1483 septem
1049 1442 1245 1473 Iohannidos
1275 1443 1373 1474 libros
1405 1444 1566 1476 discrevit.
1626 1446 1705 1476 Cum

80 1505 187 1533 autem
210 1506 279 1533 octo
302 1502 400 1533 libros
424 1502 605 1533 Budensem
630 1501 823 1532 continuisse
845 1501 1033 1542 Cuspiniani
1056 1502 1234 1533 testimonio
1259 1506 1389 1540 constet7
1418 1507 1565 1535 octavum
1590 1505 1704 1536 librum

80 1562 215 1603 periisse
246 1561 374 1593 credere
405 1561 623 1600 assuevimus,
658 1561 820 1600 quamvis.
855 1561 930 1601 quid
953 1561 1033 1592 libro
1057 1572 1093 1593 eo
1118 1566 1299 1593 enarratum
1324 1566 1424 1595 esset.
1461 1564 1513 1594 vix
1537 1565 1703 1604 quisquam

79 1622 223 1653 divinare
240 1621 383 1653 auderet.
423 1622 496 1652 Non
519 1631 593 1652 vero
616 1621 732 1652 librum
755 1624 901 1651 octavum
924 1624 1100 1661 temporum
1123 1621 1290 1661 iniquitate
1314 1622 1404 1653 nobis
1425 1628 1603 1664 surreptum
1620 1634 1701 1662 esse,

81 1681 138 1713 sed
171 1684 317 1722 qualtum
352 1685 383 1712 et
417 1681 561 1721 quintum
595 1680 715 1711 librarii
747 1680 952 1720 neglegentia
982 1680 1013 1711 in
1043 1681 1241 1712 Trivultiano
1270 1681 1378 1713 codice
1413 1682 1445 1713 in
1480 1693 1576 1713 unum
1611 1694 1706 1724 prae-

81 1741 266 1782 granden15)
295 1741 469 1780 coaluisse,
498 1740 660 1771 Gustavus
684 1740 798 1771 Loewe
822 1739 979 1771 intellexit
1001 1740 1158 1780 excerptis
1182 1741 1418 1772 Veronensibus
1441 1742 1609 1783 inspeetis,
1637 1744 1708 1783 qui-

81 1801 141 1832 bus
164 1801 332 1839 librorum.
367 1810 384 1831 e
409 1800 524 1840 quibus
548 1800 650 1831 electa
673 1802 761 1831 sunt.
793 1809 941 1830 numeros
966 1800 1129 1840 Florilegii
1153 1804 1261 1832 auctor
1283 1800 1464 1842 adscripsit.
1512 1802 1579 1833 Iani
1604 1803 1703 1842 locus7

82 1870 175 1900 quem
198 1864 309 1892 octavo
333 1870 350 1891 0
374 1859 454 1891 libro
479 1860 663 1900 exscu’psit.
690 1859 724 1890 in
748 1859 881 1899 septimo
905 1859 1095 1896 editionum,
1125 1860 1184 1891 loci
1207 1863 1286 1892 treS.
1319 1860 1372 1899 qui
1396 1861 1476 1892 libro
1501 1865 1589 1893 sexto
1613 1862 1707 1893 addi-

173 1989 195 2018 1)
217 1990 303 2012 Petrus
322 1990 447 2012 Diaconus
467 1990 556 2012 Leonis
576 1989 706 2012 Μαι-510001
731 1989 887 2012 continuator
912 1989 937 2011 in
958 1989 1086 2011 Chronicis
1105 1990 1247 2012 monasterii
1268 1989 1412 2012 Casinensis
1432 1991 1496 2013 inter
1515 1991 1600 2019 libros,
1632 1992 1707 2020 ‘quos

85 2032 233 2055 Desiderius
251 2033 277 2055 in
297 2033 341 2055 hoc
360 2033 410 2055 loco
430 2032 536 2055 describi
556 2030 704 2061 praecepffl,
727 2035 856 2054 enumerat
878 2030 1051 2054 ‘Cresconium
1071 2032 1101 2054 de
1115 2032 1188 2054 bellis
1203 2031 1316 2055 Libicis'.
1350 2032 1418 2055 Mon.
1435 2032 1518 2056 Germ.
1534 2033 1600 2056 Hist.
1617 2032 1707 2063 Script.

85 2075 131 2098 vn
151 2082 175 2104 p.
198 2074 255 2097 747.

173 2117 197 2147 2)
218 2117 270 2140 Ioh.
292 2117 472 2146 Cuspinianns.
495 2117 525 2140 de
544 2116 691 2139 Caesaribus
711 2120 735 2139 et
754 2117 946 2146 imperatoribus
962 2116 1025 2139 1540
1039 2124 1062 2146 p.
1080 2116 1137 2139 216.
1169 2117 1280 2139 *Bellum
1293 2124 1348 2139 vero
1363 2118 1489 2146 Libycum,
1511 2118 1575 2147 quod
1589 2118 1710 2141 Iohannes

86 2163 170 2183 contra
189 2160 286 2190 Aphros
305 2160 396 2188 gessit:
425 2160 461 2183 Fl.
484 2159 629 2182 Cresconius
650 2159 773 2189 Gorippus
794 2160 854 2182 VIII
879 2159 947 2182 libris
972 2162 1138 2189 prosequutus
1157 2162 1208 2184 est.
1236 2160 1328 2189 quibus
1347 2160 1449 2182 titulum
1468 2161 1529 2183 fecit
1547 2161 1705 2189 Iohannidos.

87 2210 148 2232 quos
166 2203 192 2225 in
212 2203 288 2231 Regia
306 2203 460 2225 Bibliotheca
475 2202 558 2225 Eudae
577 2203 683 2231 repperi.
711 2202 743 2225 Hi
763 2203 796 2225 sic
815 2203 953 2231 incipiunt:
977 2201 1051 2231 Signa
1065 2203 1138 2225 duces
1161 2204 1304 2231 (sequuntur
1317 2204 1424 2231 quinque
1437 2203 1493 2225 libri
1504 2204 1578 2232 primi
1590 2204 1708 2233 versusl'.

87 2245 209 2268 Praefatio
229 2245 285 2268 huic
305 2245 382 2268 codici
401 2245 511 2268 defuisse
531 2245 636 2269 videtur.

173 2288 197 2317 3)
219 2287 313 2310 Gustav
328 2288 423 2311 Loewe.
445 2288 526 2310 Ueber
539 2288 595 2310 eine
609 2288 735 2310 verlorene
749 2287 910 2310 Handschrift
923 2287 965 2309 der
977 2287 1099 2309 Jobannis
1114 2287 1156 2309 ‹les
1170 2287 1299 2317 Corippus.
1325 2288 1414 2311 Rhein.
1431 2288 1495 2311 Mus.
1512 2288 1541 2312 N.
1558 2288 1585 2311 F.
1602 2289 1712 2311 XXXIV

87 2338 112 2360 p.
136 2329 278 2354 138—140.
309 2330 382 2353 1879.
420 2331 449 2353 In
468 2331 530 2353 libro
550 2337 626 2352 mann
645 2331 750 2359 scripto.
778 2330 818 2352 cui
838 2330 925 2352 titulus
945 2332 982 2352 est
1003 2330 1089 2352 ‘flores
1109 2330 1237 2352 moralium
1256 2331 1451 2359 auctoritatum',
1481 2330 1607 2353 Gustavus
1628 2332 1713 2353 Loewe

88 2380 176 2396 novem
196 2373 343 2396 Iohannidos
361 2373 425 2396 locos
444 2373 554 2395 invenit:
578 2373 628 2396 Iob.
651 2373 661 2395 I
684 2372 826 2396 146—149.
843 2372 900 2395 573.
918 2372 965 2395 574
997 2373 1020 2394 11
1043 2372 1098 2395 111.
1118 2372 1174 2395 112.
1190 2372 1334 2396 337-339.
1350 2371 1409 2396 392.
1431 2372 1478 2395 393
1512 2374 1546 2395 VI
1568 2373 1710 2396 149—151.

88 2415 147 2439 231.
169 2415 226 2439 232.
249 2415 308 2439 480.
329 2415 374 2439 48]
410 2415 472 2438 VIII
491 2415 515 2438 6.
537 2415 560 2438 Τ.

174 2458 199 2487 4)
220 2458 352 2487 Fogginius
380 2458 510 2487 (Praefatio
536 2458 652 2480 editionis
677 2459 819 2487 panegyrici
844 2458 871 2480 in
896 2457 994 2480 laudem
1013 2458 1106 2480 Iustini
1130 2465 1154 2487 p.
1176 2458 1206 2486 X)
1236 2458 1262 2480 in
1289 2458 1373 2480 Indice
1398 2458 1515 2481 librorum
1538 2458 1713 2481 Casinensium

90 2500 227 2524 Clementis
246 2498 303 2524 VIIi
326 2501 398 2523 iussu
423 2501 548 2530 confecto,
576 2502 619 2530 qui
644 2501 670 2523 in
696 2500 779 2523 codice
799 2501 919 2522 Vaticano
939 2499 1002 2523 3901
1025 2503 1110 2529 extat,
1138 2500 1203 2522 bunc
1222 2501 1326 2523 titulum
1345 2501 1457 2523 invenit:
1482 2501 1558 2524 ‘liber
1577 2501 1712 2524 Cresconii.

89 2543 165 2573 incip.
187 2541 316 2566 Victoris'.
355 2544 433 2565 Anno*
446 2543 523 2571 igitur
540 2542 703 2565 MDXXXIIO
727 2543 752 2565 in
779 2543 926 2565 monasterio
947 2542 1077 2565 Casinensi
1096 2543 1174 2565 fuisse
1194 2543 1300 2566 codicem
1320 2546 1424 2566 constat.
1463 2543 1610 2572 Fogginium
1630 2547 1713 2566 autem

90 2586 253 2608 bibliothecae
273 2585 417 2609 Casinensis
437 2588 532 2608 curator
550 2586 680 2608 certiorem
700 2585 758 2607 fecit
780 2585 886 2607 ‘nullam
906 2585 940 2607 ibi
959 2587 1052 2607 restare
1072 2585 1246 2614 membranam,
1273 2592 1337 2614 quae
1357 2585 1483 2608 Cresconii
1503 2593 1590 2609 nomen
1611 2593 1667 2615 prae
1687 2593 1713 2608 se

90 2629 160 2655 ferat,
182 2629 284 2656 nullam,
306 2629 333 2651 in
352 2635 399 2658 qua
417 2628 446 2651 de
466 2628 543 2651 Bellis
562 2628 661 2655 Libycis
681 2625 788 2656 agatur'.

177 2671 201 2700 5)
221 2671 296 2693 Liber
315 2674 416 2701 quartus
436 2671 572 2694 editionum
592 2678 678 2693 versus
695 2670 755 2694 1171
777 2671 896 2697 continet,
919 2670 1012 2699 primus
1033 2669 1090 2698 581,
1113 2670 1237 2692 secundus
1257 2670 1316 2698 483,
1338 2671 1427 2693 tertius
1447 2670 1504 2694 460.
1527 2671 1632 2700 quintus
1652 2670 1711 2698 773,

92 2715 178 2736 sextus
199 2712 257 2743 542,
279 2715 401 2743 septimus
421 2713 480 2737 656.
518 2713 623 2736 Etiamsi
641 2714 734 2736 librum
754 2714 860 2742 primum
881 2712 948 2735 foliis
967 2713 1060 2735 duobus
1080 2713 1214 2742 deperditis
1234 2712 1392 2735 deminutum
1412 2714 1470 2735 olim
1491 2713 1537 2735 705
1559 2714 1608 2735 fere
1629 2720 1715 2736 versus

93 2756 256 2784 continuisse,
278 2756 412 2785 septimum
431 2756 518 2779 lacuna
536 2763 625 2785 magna
638 2757 746 2785 finisque
761 2756 863 2778 interitu
877 2756 1016 2778 breviatum
1031 2762 1083 2778 esse
1098 2756 1292 2784 meminerimuS,
1314 2763 1440 2785 nunquam
1455 2759 1537 2778 tamen
1552 2756 1609 2778 libri
1624 2756 1712 2784 quarti,

91 2798 136 2826 qui
156 2800 182 2820 et
200 2798 253 2827 ipse
274 2798 317 2828 (IV
337 2797 396 2828 201)
416 2799 506 2821 lacuna
525 2805 612 2827 magna
630 2799 781 2821 imminutus
801 2801 847 2826 est,
868 2799 989 2820 ambitum
1009 2799 1075 2820 iusto
1095 2798 1198 2820 nimium
1217 2805 1271 2820 esse
1291 2799 1462 2821 infitiabimur.
