2034 3108
798 162 1025 189 l‘uoOEMIVM.
1637 166 1709 197 xv}
1714 166 1728 196 Ι

100 273 227 304 demum
257 271 436 312 insequenti
468 275 566 303 totam
599 272 791 312 provinciam
814 272 962 304 infecisse
987 274 1250 315 5115111011111111111·τι
1256 292 1280 315 s.
1327 275 1441 316 Strage
1465 276 1627 308 hominum
1651 287 1725 317 per—

100 342 216 373 magna
240 331 366 362 morbus
391 331 585 372 perniciosus
609 331 737 363 Africae
761 332 860 364 vires.
896 343 976 372 quae
1006 343 1175 374 paucorum
1203 344 1356 365 annorum
1380 336 1608 376 tranquillitate
1632 346 1724 368 reva-

101 392 235 430 luerant,
263 390 480 430 concussum„
529 391 630 421 Tanta
655 394 686 422 et
708 390 855 422 Afrorum
879 396 910 423 et
933 392 1067 423 militum
1092 393 1303 424 Romanorum
1326 404 1401 434 pars
1424 395 1533 435 periit⁷
1565 399 1599 427 ut
1621 396 1723 427 Mauri

100 450 241 482 finitimi.
275 460 353 489 quos
382 449 540 481 exercitus
570 449 667 480 validi
697 450 790 481 timor
812 450 866 481 diu
890 454 1089 483 merc-uerat.
1125 461 1182 492 spe
1213 453 1428 493 praedationis
1460 455 1597 495 impunis
1629 456 1724 487 erecti

100 510 294 551 provinciam
311 509 543 540 incursionibus
559 513 712 550 temptare
729 509 915 550 inciperent.
959 511 1062 551 Atque
1085 511 1154 552 ipso
1170 511 1297 551 quidem
1314 512 1517 553 pestilentiae
1534 524 1616 545 anno
1637 516 1716 554 (54:3'

100 570 239 610 contagii
262 569 429 600 formidine
453 568 554 600 territi
577 569 757 609 provinciae
782 569 860 601 fines
884 570 1035 601 invadere
1059 581 1121 601 non
1145 571 1216 601 ausi
1240 575 1322 602 sunt.
1368 572 1432 603 Sed
1455 573 1562 604 morbo
1586 574 1723 606 extincto

101 630 207 661 statim
237 629 377 669 undique
407 626 655 667 advolai·1111t⁷=³).
704 629 794 660 Anno
818 629 915 669 igitur
939 632 999 660 544
1023 630 1142 661 belluni
1166 631 1341 662 Mauricum
1372 635 1472 663 ortum
1503 642 1573 664 esse
1603 637 1635 664 et
1664 634 1724 665 hac

101 688 228 730 Corippi
253 688 432 719 narratione
455 691 486 719 et
509 687 582 718 aliis
607 688 749 719 eiusdem
772 692 884 729 po'c'tae
910 689 986 720 locis
1010 689 1252 722 demonstratur.
1280 690 1394 730 quibus
1418 691 1527 722 deceni
1552 703 1608 733 per
1624 703 1723 724 annos

100 749 212 789 plenos
233 748 420 788 (534—543)
441 747 542 778 Mauri
559 757 671 788 pacem
688 757 833 779 servasse
851 748 998 780 dicuntur
1010 750 1059 785 ⁷⁴11.
1097 749 1186 786 Quae
1204 749 1332 790 Corippi
1348 750 1529 782 testimonia
1545 762 1604 791 ego
1621 753 1721 793 pluris

101 808 183 839 facio
207 818 301 848 (11111111
325 807 458 839 Victoris
482 807 719 846 Tunnnnensis,
747 807 908 848 scriptoris
932 819 1042 849 parum
1067 808 1240 848 diligentis
1268 810 1499 849 auctoritatem.
1527 811 1580 851 qui
1603 822 1633 842 a.
1661 815 1721 843 543

100 868 220 899 bellum
237 867 327 898 illud.
347 877 408 906 quo
425 866 573 898 Solonion
589 876 762 907 oppressus
779 867 828 898 sit.
856 868 1015 898 exarsisse
1032 868 1178 908 opinatur
1191 870 1240 908 ⁷⁵).
1274 869 1384 909 Neque
1401 873 1576 910 temporum
1592 881 1724 912 compu—

101 927 212 958 tationi
228 926 404 967 Corippeae
419 926 590 967 Procopius
605 926 803 965 adversatur.
831 927 884 966 qui
901 927 1080 958 accuratius
1096 937 1147 958 res
1163 932 1360 969 pertractans
1376 929 1456 960 haee
1472 929 1537 961 fere
1555 933 1719 972 narrat⁷⁴³fu

188 986 305 1024 Quarto
338 996 420 1017 1111110
454 989 526 1026 post
558 985 683 1017 felicem
719 986 895 1017 Solomonis
930 987 961 1017 in
995 990 1132 1018 montem
1168 988 1337 1019 Aurasiuln
1377 988 1628 1029 expeditionem,
1671 992 1723 1031 qui

101 1055 203 1077 annus
234 1045 324 1086 regni
353 1045 519 1076 Iustiniani
530 1047 563 1085 ⁷⁷)
608 1045 760 1086 septimus
791 1045 932 1077 decimus
964 1050 1031 1078 erat
1067 1047 1148 1086 gKal.
1177 1048 1253 1088 Apr.
1281 1049 1341 1078 543
1366 1067 1408 1070 —-
1431 1049 1503 1079 Kal.
1530 1050 1605 1090 Apr.
1634 1052 1720 1087 544,

101 1106 248 1137 Afrorum
278 1115 329 1137 res
360 1115 532 1146 prosperae
562 1105 666 1136 subito
696 1105 728 1136 in
758 1105 850 1146 peius
879 1109 1020 1137 mutatae
1052 1110 1136 1137 sunt.
1184 1107 1250 1138 Hoc
1279 1108 1363 1138 enim
1387 1112 1527 1149 tempore
1551 1109 1725 1150 imperator

102 1165 265 1205 Sergium.
300 1164 478 1196 Solomonis
508 1164 615 1196 fratris
645 1164 762 1203 filium.
796 1165 1013 1206 Tripolitanae
1038 1166 1218 1206 provinciae
1243 1160 1406 1207 praefecit.
1455 1168 1516 1206 Qui
1540 1178 1609 1199 cum
1634 1170 1725 1210 Lepti

101 1235 219 1265 magna
243 1228 503 1263 connnoraretur7
537 1224 598 1255 huc
622 1225 864 1265 Laguantenses
895 1225 1022 1256 barbari
1051 1225 1175 1257 finitimi
1204 1237 1336 1258 munera
1367 1227 1534 1258 sollemnia
1565 1230 1724 1270 accepturi

102 1289 133 1316 et
157 1284 196 1315 de
219 1294 297 1325 pace
320 1283 477 1315 firmanda
499 1284 600 1315 acturi
624 1294 739 1324 magno
763 1294 834 1315 011111
858 1284 999 1316 exercitu
1022 1289 1186 1317 venerunt.
1236 1287 1272 1317 In
1296 1287 1463 1327 colloquio⁷
1492 1288 1575 1327 quod
1599 1289 1728 1319 Mauro-

101 1354 171 1375 rum
195 1344 336 1375 exercitu
360 1343 436 1374 foris
461 1347 563 1375 castra
587 1347 724 1384 ponente
747 1344 778 1374 in
803 1344 880 1375 urbe
904 1345 1139 1384 conserebatur,
1169 1356 1249 1376 unus
1273 1356 1289 1377 e
1314 1346 1469 1385 barbaris,
1496 1347 1550 1387 qui
1572 1358 1726 1388 arrogan-

102 1403 166 1434 tius
189 1403 336 1443 Sergium
360 1403 505 1443 tetigisse
529 1403 644 1441 fertur.
673 1403 821 1435 satellitis
845 1404 979 1435 Romani
1002 1404 1110 1444 gladio
1134 1405 1300 1436 confossus
1324 1409 1382 1437 est.
1432 1406 1587 1438 Omnibus
1611 1408 1726 1439 deinde

102 1473 191 1494 arma
220 1462 444 1504 arripientibus
474 1467 505 1495 et
534 1463 671 1494 tumultu
702 1473 818 1503 magno
849 1463 881 1494 111
910 1463 1029 1504 palatio
1053 1467 1118 1495 orto
1141 1464 1301 1504 octoginta
1324 1465 1530 1497 barbarorum
1553 1467 1723 1508 principes,

102 1522 156 1563 qui
179 1522 241 1554 fide
265 1526 399 1564 accepta
422 1522 454 1553 in
478 1523 588 1554 urbem
612 1526 775 1562 venerant,
803 1526 930 1563 praeter
954 1533 1049 1554 unuin
1067 1533 1176 1555 omnes
1191 1524 1342 1556 trucidati
1360 1527 1492 1558 sunto..
1534 1526 1725 1566 Legatorum

103 1582 303 1614 sanctitatem
327 1586 391 1613 tam
412 1582 531 1623 perfide
555 1582 707 1613 violatam
732 1586 764 1613 ut
788 1582 1004 1621 ulcisceretur,
1032 1583 1211 1614 Maurorum
1236 1584 1394 1615 exercitus
1418 1585 1584 1617 confestim
1602 1587 1725 1627 Leptim

103 1652 251 1682 magnam
268 1651 442 1682 aggressus
460 1645 518 1673 est.
560 1641 625 1672 Sed
640 1641 728 1672 vario
745 1641 845 1672 Marte
870 1652 939 1673 cuni
964 1651 1063 1682 usque
1087 1642 1129 1673 ad
1153 1646 1275 1674 noctem
1300 1647 1475 1683 pugnatum
1500 1649 1596 1684 esset⁷
1623 1646 1725 1677 Mauri

100 1702 220 1733 bellum
245 1701 346 1732 maius
370 1701 511 1742 paraturi
535 1701 724 1732 discessere.
772 1700 945 1740 Aliquanto
969 1705 1075 1732 autem
1099 1706 1170 1743 post
1198 1700 1307 1744 (χρόνῳ
1332 1703 1363 1734 δὲ
1388 1699 1542 1745 ὕστερον),
1570 1715 1664 1745 anno7
1691 1709 1725 1737 ut

187 1830 226 1858 71>
250 1831 313 1854 Vict.
330 1831 393 1853 Tun.
410 1830 500 1854 Chron.
516 1830 554 1853 ed.
568 1829 677 1853 Roncalli
691 1830 713 1852 11
727 1837 750 1859 p.
765 1829 813 1852 :570
830 1832 900 1859 ‘post
914 1831 1068 1853 consulatum
1083 1831 1168 1853 Basilii
1182 1839 1204 1853 v.
1220 1838 1240 1854 c.
1257 1838 1320 1854 anno
1334 1833 1365 1855 II.
1388 1833 1482 1856 Horum
1496 1834 1594 1856 exordia
1607 1834 1724 1857 malorum

100 1874 222 1902 generalis
241 1875 304 1896 orbis
324 1877 442 1896 terrarum
462 1873 595 1895 mortalitas
616 1873 739 1902 sequitur,
759 1875 784 1895 et
803 1873 935 1901 inguinum
956 1874 1113 1902 percussione
1134 1875 1209 1896 maior
1227 1881 1283 1903 pars
1302 1875 1448 1904 populorum
1469 1877 1592 1899 necatur⁷.
1607 1890 1641 1893 -—
1660 1877 1723 1900 Cum

101 1916 207 1939 Basilius
226 1923 289 1939 anno
309 1916 355 1939 541
377 1916 531 1938 consulatum
550 1916 655 1944 gesserit
674 1918 699 1938 et
718 1916 803 1938 Victor
821 1916 847 1938 in
866 1916 938 1938 annis
959 1916 1118 1938 numerandis
1137 1923 1165 1938 ea
1184 1917 1279 1939 ratione
1299 1918 1336 1940 nti
1356 1918 1441 1946 soleat.
1464 1921 1491 1940 ut
1510 1925 1590 1941 annus
1610 1919 1724 1942 consula-

100 1963 154 1981 tum
172 1959 296 1988 quendam
316 1960 451 1988 in'sequens
473 1959 567 1980 ‘annus
586 1958 711 1980 secundus
731 1961 785 1987 post
804 1958 971 1981 consulatum*
990 1959 1092 1985 dicatur,
1115 1959 1186 1981 —id
1206 1959 1270 1988 quod
1291 1960 1338 1982 iam
1358 1960 1472 1983 Valesius
1492 1961 1618 1983 intellexit
1630 1974 1672 1987 -,
1694 1962 1723 1984 ad

99 2008 191 2024 annum
211 2001 274 2031 542,
296 2008 345 2024 non
365 2001 394 2023 ad
414 2008 506 2023 annum
527 2000 575 2023 543
596 2001 694 2028 Victor,
723 2001 826 2030 scriptor
845 2001 917 2027 Aser,
945 2001 1114 2030 pestilentiam
1134 2002 1226 2024 referre
1246 2002 1352 2025 videtur.
1392 2002 1441 2025 Nec
1461 2007 1542 2025 tamen
1561 2005 1718 2033 computatio,

99 2051 172 2073 quam
191 2044 261 2068 modo
281 2045 400 2072 fecimus,
425 2044 530 2066 Victoris
550 2043 704 2072 chronologia
722 2045 873 2066 confutatur.
913 2043 991 2066 Cuius
1010 2044 1092 2066 verbis
1111 2045 1249 2067 accuratius
1269 2045 1388 2074 inspectis
1408 2045 1517 2069 dubitari
1537 2047 1638 2075 nequit,
1661 2047 1723 2075 quin

99 2093 200 2117 annum,
223 2093 270 2117 quo
289 2087 435 2117 pestilentia
454 2087 529 2109 latius
548 2093 591 2115 per
609 2087 692 2109 orbem
712 2087 815 2115 grassari
835 2089 955 2116 coeperat,
978 2093 1026 2108 non
1046 2094 1111 2111 eum,
1134 2094 1181 2115 quo
1202 2087 1309 2109 Africam
1329 2088 1442 2111 vastavit.
1465 2089 1627 2111 denotaverit.

189 2128 228 2158 72)
251 2130 304 2152 Gor.
326 2129 378 2152 Ioh.
400 2129 435 2151 111
455 2128 600 2151 342—370.

187 2172 227 2201 73)
251 2172 303 2195 Cor.
326 2172 377 2194 Ioh.
398 2172 435 2194 ΙΙΙ
455 2170 599 2195 3831-392.

188 2214 227 2237 Ml
249 2214 304 2238 Cor.
326 2214 378 2238 Ioh.
400 2215 423 2237 11
443 2214 474 2237 34
494 2215 587 2237 finibus
607 2215 632 2236 in
652 2214 751 2241 Libycis
771 2216 887 2242 suscepta
906 2219 964 2242 pace
984 2213 1064 2235 ridelis

497 2253 540 2276 ille
563 2253 623 2280 (scil.
645 2252 756 2281 Antalas)
780 2252 842 2280 suit,
865 2252 1001 2281 plenosque
1020 2251 1104 2273 deceni
1125 2252 1261 2280 perfecerat
1280 2259 1365 2275 annos.

370 2296 406 2318 111
426 2294 474 2318 289
734 2295 823 2318 florens
842 2294 902 2317 haee
921 2294 1011 2321 gaudia
1030 2295 1107 2316 sensit

496 2335 576 2356 nostra
595 2333 679 2355 decem
699 2333 772 2355 tellus
792 2333 878 2362 plenos
897 2332 979 2355 laxata
998 2339 1041 2361 per
1060 2339 1146 2355 annos.

187 2376 225 2405 75)
248 2376 314 2399 Vict.
336 2376 400 2399 Tun.
422 2376 512 2399 Chron.
533 2376 571 2398 ed.
594 2376 703 2398 Roncaui
722 2383 745 2405 p.
768 2375 825 2399 370.
864 2376 894 2398 cs.
917 2382 940 2404 p.
964 2374 1032 2397 XIX.

186 2418 224 2448 76)
248 2419 358 2448 Procopii
382 2419 461 2448 capita
484 2419 587 2442 selecta.
615 2419 707 2447 quibus
732 2425 770 2441 res
795 2418 853 2440 inde
872 2419 902 2440 ab
921 2424 984 2440 auno
1004 2417 1052 2440 543
1072 2419 1097 2440 in
1117 2418 1200 2440 Africa
1219 2421 1301 2446 gestae
1321 2421 1482 2444 enarrantur,
1511 2419 1536 2441 in
1556 2419 1620 2442 calce
1640 2420 1714 2449 primi

100 2461 176 2484 huius
195 2462 314 2492 prooemii
333 2462 421 2491 capitis
440 2461 506 2490 typis
526 2468 641 2491 expressa
661 2462 785 2484 invenies.

188 2504 225 2531 77,
248 2505 361 2527 Iustinus
380 2505 512 2534 imperator
532 2504 586 2526 Kal.
609 2504 673 2532 Aug.
695 2504 754 2526 anni
773 2502 819 2526 527
840 2505 951 2526 mortuus
971 2505 1017 2525 est.
1056 2502 1106 2525 Nec
1124 2509 1181 2525 vero
1200 2504 1229 2525 ab
1248 2503 1292 2525 hoc
1311 2503 1366 2530 die,
1395 2503 1438 2525 sed
1457 2510 1469 2525 a
1490 2503 1545 2526 Kal.
1568 2504 1627 2533 Apr.
1649 2505 1717 2526 eius-

100 2547 155 2570 dem
175 2548 234 2569 anni
253 2547 410 2569 Iustinianus
429 2547 498 2575 regni
519 2553 594 2569 annos
615 2547 761 2569 numeravit.
802 2546 834 2568 cf.
855 2545 914 2568 Nor.
938 2546 999 2567 lust.
1022 2545 1062 2568 47.
1102 2545 1169 2568 Proc.
1190 2546 1214 2568 b.
1236 2546 1315 2568 Vand.
1338 2546 1349 2567 I
1371 2544 1408 2569 12.

179 2589 225 2617 ¹78)
248 2589 286 2612 Ad
306 2590 441 2618 legatorum
461 2590 603 2612 Maurorum
624 2589 723 2611 caedem
743 2588 843 2617 (lorippi
862 2594 948 2610 versus
970 2587 1021 2610 Iob.
1044 2587 1067 2609 11
1087 2586 1187 2611 36—40
1206 2589 1349 2617 pertinent:

512 2631 576 2660 heu,
597 2632 668 2654 ducis
688 2632 770 2659 ignavi
790 2631 863 2660 quale
882 2630 1025 2653 indiscretio
1044 2630 1138 2652 bellurn

512 2671 601 2698 movit,
622 2673 646 2692 et
666 2671 791 2693 extinctas
811 2670 869 2692 fecit
888 2669 1036 2691 recalescere
1056 2669 1178 2691 flammas!

511 2712 570 2731 tunc
589 2710 656 2731 furor
674 2709 767 2737 incepti
787 2708 869 2737 posuit
889 2708 1009 2737 plantaria
1028 2706 1122 2729 Martis.

512 2748 629 2777 perfidiae
649 2748 742 2770 crimen
763 2748 800 2769 vel
820 2750 902 2769 tantae
923 2747 1018 2769 semina
1039 2746 1123 2769 mortis

512 2787 545 2809 ira
565 2786 642 2809 dedit.

178 2836 272 2855 Gonu-m
280 2845 295 2854 s.
1499 2839 1511 2855 (¹
