2034 3108
316 151 419 182 XLVI
1018 143 1245 170 PROOEMIVM.

320 260 491 292 Anastasio
514 263 681 298 quaestore
706 257 787 288 sacri
810 256 938 298 palatii.
966 258 1001 286 ut
1023 254 1203 295 imperatori
1228 263 1278 285 res
1302 263 1378 285 suas
1401 252 1537 284 afflictas
1562 251 1777 289 commendet.
1805 251 1944 292 11811119).

323 321 462 361 Dignum
488 329 520 350 se
545 328 631 351 esse.
666 317 716 349 cui
739 316 896 348 beneficia
918 314 1031 346 Iustini
1054 314 1234 345 obveniant.
1266 312 1383 344 *saeris
1406 312 1636 353 apieibus‘20),
1670 310 1839 342 Iustiniani
1862 310 1950 351 prin—

323 380 402 421 cipis
426 378 552 410 decreto
577 378 787 414 demonstraty
821 385 881 415 quo
909 374 1005 405 officii
1036 373 1175 404 diuturni
1206 372 1349 414 praemia
1380 370 1537 411 qusedam
1568 374 1680 402 nactus
1710 379 1781 401 esse
1811 370 1946 401 videtur.

324 440 372 471 De
403 439 530 470 decreto
561 438 714 468 honestae
744 434 905 466 missionis
937 437 1061 475 poetam
1093 433 1179 472 loqui
1211 432 1388 469 crederem.
1422 431 1484 462 nisi
1513 431 1615 472 ipsius
1644 430 1750 461 verbis
1780 429 1951 461 etiamtunc

325 509 396 530 eum
420 497 573 539 principis
595 497 627 527 in
651 495 755 527 officio
778 494 878 526 fuisse
903 496 1096 534 compertum
1120 492 1323 523 haberemus.

413 558 621 598 Paupertate.
661 555 710 586 cui
741 555 964 594 imperatorem
996 552 1224 583 subventurum
1254 560 1325 582 esse
1357 550 1524 591 sperabat.
1561 553 1655 591 po'e'ta
1686 548 1837 580 extremis
1866 548 1951 580 vitae

327 618 436 649 annis.
472 621 506 648 ut
536 616 674 647 carmine
707 613 800 645 senili
823 613 935 644 Iustini
967 612 1080 643 laudes
1111 615 1254 642 caneret.
1288 610 1446 641 adductus
1470 611 1578 648 est‘l‘).
1626 609 1674 640 De
1697 612 1855 649 tempore,
1890 618 1952 648 quo

326 677 541 719 panegyricus
565 676 702 716 scriptus
726 674 777 711 sit,
803 673 867 703 iam
892 671 1066 712 Fogginius
1090 671 1122 702 in
1147 670 1297 702 editionis
1320 669 1517 711 praefatione
1540 672 1605 700 tam
1629 668 1706 699 scite
1730 671 1761 699 et
1783 667 1955 707 diligenter

329 738 408 778 egit.
436 740 470 768 ut
492 746 584 767 nenio
608 738 679 776 post
702 744 774 765 eum
797 733 880 763 hanc
903 731 1122 771 quaestionem
1147 730 1303 770 tetigerit.
1332 729 1407 769 quin
1431 728 1500 760 eius
1523 728 1640 759 scrinia
1663 727 1852 768 compilasse
1877 726 1955 758 satis

328 797 487 828 babuerit.
534 796 605 826 Non
630 793 741 825 eodem
766 802 874 824 omnes
898 791 995 822 libros
1018 795 1178 831 tempore.
1213 789 1269 820 sed
1296 792 1441 829 quartum
1466 788 1629 827 aliquanto
1653 790 1725 828 post
1746 790 1810 818 tres
1833 786 1955 827 priores

330 856 449 898 publici
480 855 556 887 iuris
587 854 705 885 factum
737 863 807 884 esse
838 855 923 883 recte
947 850 1123 890 Fogginius
1154 859 1170 880 e
1202 849 1275 880 libri
1305 848 1390 880 tertii
1420 847 1481 879 fine
1513 847 1659 887 collegit,
1694 856 1754 886 quo
1777 849 1871 887 poeta
1894 856 1956 876 non

330 916 454 955 omnia,
489 925 570 955 quae
594 914 736 945 Iustinus
760 911 911 953 gesserit,
946 920 1043 951 parvo
1074 909 1146 941 libri
1177 908 1320 940 eiusdem
1352 907 1454 949 spatio
1486 906 1754 948 comprehendere
1784 915 1817 937 se
1848 915 1952 946 posse,

331 976 389 1007 sed
412 975 512 1008 multa
545 973 663 1004 ‘dilata
686 982 815 1013 parum.
843 981 906 1002 non
929 969 1175 1011 praetereunda'
1208 968 1239 999 in
1264 971 1424 1008 posterum
1448 966 1627 1006 relinquere
1650 966 1778 997 fatetur.
1824 966 1870 996 Ac
1892 969 1957 996 tres

332 1035 460 1076 quidem
492 1034 612 1075 priores
642 1032 738 1063 libros
774 1031 883 1072 primis
918 1029 1005 1060 haud
1039 1029 1134 1059 dubie
1169 1028 1331 1059 mensibus
1365 1027 1455 1067 regni
1484 1026 1598 1057 Iustini
1629 1025 1785 1066 Corippus
1820 1024 1957 1056 scribere

332 1096 445 1136 coepit.
493 1093 591 1124 Nullo
615 1092 699 1124 enim
722 1091 783 1122 nisi
806 1091 865 1121 hoc
887 1094 1039 1129 tempore.
1067 1098 1128 1128 quo
1152 1087 1319 1119 Iustiniani
1344 1086 1449 1124 funus⁷
1476 1085 1589 1116 Iustini
1613 1085 1790 1124 coronatio7
1817 1085 1958 1115 Avarum

332 1154 450 1195 legatio
474 1154 564 1184 irrita
588 1152 729 1183 omnium
753 1151 785 1182 in
809 1160 862 1181 ore
886 1153 991 1180 erant.
1027 1147 1201 1179 hebdomas
1213 1148 1238 1168 ’Π
1276 1146 1378 1187 prima
1401 1146 1491 1186 regni
1514 1145 1626 1176 Iustini
1650 1148 1765 1185 poetae
1790 1144 1887 1184 digna
1910 1144 1959 1174 vi-

334 1214 401 1246 deri
426 1214 541 1255 potuit,
576 1222 658 1251 quae
689 1211 839 1242 librorum
870 1208 963 1239 trium
996 1207 1175 1238 narratione
1207 1207 1297 1247 epica
1326 1206 1550 1237 celebraretur.
1598 1204 1663 1236 Sed
1687 1214 1764 1235 sano
1788 1203 1959 1244 sagacique

332 1274 450 1305 iudicio
481 1272 655 1312 Fogginius
686 1271 749 1301 iam
780 1269 854 1300 libri
884 1268 976 1309 primi
1008 1276 1119 1298 versus
1149 1266 1228 1297 duos
1258 1265 1396 1305 invenit,
1436 1275 1517 1305 quae
1548 1275 1631 1295 anno
1662 1264 1789 1295 demum
1822 1263 1960 1295 secundo

333 1334 447 1365 Iustini
482 1330 682 1373 imperatoris
718 1331 823 1369 [23ssssst
875 1327 970 1359 scribi
1004 1330 1189 1367 potuerunt.
1228 1335 1288 1365 quo
1318 1325 1488 1356 Aetherius
1523 1328 1554 1356 et
1582 1324 1725 1363 Abdius.
1764 1323 1817 1363 qui
1851 1326 1960 1354 eontra

334 1393 447 1425 Ius-tini
470 1392 568 1423 vitam
593 1391 843 1421 coniuraverant.
871 1387 978 1427 gladio
1002 1386 1145 1427 percussi
1168 1385 1310 1416 criminis
1333 1394 1453 1426 poenas
1478 1384 1703 1423 dede1·unt22³)„
1736 1384 1851 1414 Eorum
1876 1383 1960 1414 enim

335 1453 377 1484 ad
408 1452 598 1493 supplicium
629 1450 746 1491 optimo
779 1449 847 1479 iure
870 1446 1047 1487 Fogginius
1071 1445 1328 1476 vaticinationem
1352 1444 1441 1475 illam
1464 1443 1587 1482 retulit⁷
1622 1453 1717 1483 quam
1741 1452 1831 1474 saera
1854 1442 1961 1474 Pietas

336 1513 457 1544 Iustino
482 1510 650 1542 dormienti
673 1508 841 1549 imperium
866 1505 1085 1547 accipiendum
1110 1505 1295 1536 renuntians
1318 1503 1404 1545 apud
1428 1503 1598 1544 Corippum
1622 1502 1798 1544 portendit:

492 1570 579 1602 laud.
606 1570 683 1600 Iust.
711 1568 725 1598 Ι
751 1569 790 1598 60
815 1566 958 1607 quisquis
982 1565 1041 1596 erit
1064 1568 1206 1596 vestrae.
1235 1574 1291 1604 per
1314 1573 1347 1594 se
1373 1563 1481 1597 cadet.
1508 1562 1635 1594 invidus
1658 1563 1771 1601 aulae7

809 1617 998 1656 adficietque
1023 1616 1107 1646 viros
1131 1616 1237 1655 legum
1261 1615 1333 1655 pius
1357 1614 1443 1645 ensis
1466 1614 1603 1653 iniquos.

340 1684 473 1714 Constat
496 1681 591 1721 igitur
614 1680 667 1710 vix
691 1682 763 1710 ante
787 1678 863 1709 anni
887 1678 947 1707 566
971 1676 1066 1707 finem
1090 1675 1207 1716 primos
1234 1673 1421 1715 panegyrici
1450 1673 1548 1705 libros
1578 1673 1611 1704 in
1640 1673 1800 1714 publicum
1832 1673 1965 1704 emissos

338 1752 420 1774 esse.
469 1741 536 1771 Nec
568 1749 641 1770 vero
672 1741 743 1779 post
773 1747 890 1768 annum
915 1738 975 1766 567
1008 1736 1126 1766 factum
1157 1734 1190 1765 id
1220 1744 1291 1765 esse
1323 1743 1339 1764 e
1364 1732 1561 1774 praefatione
1586 1733 1707 1770 elucet,
1741 1742 1822 1772 quae
1847 1732 1966 1773 scripta

338 1806 396 1834 est.
416 1801 601 1842 priusquam
617 1799 739 1829 Avares
756 1801 787 1828 et
803 1795 1006 1836 Langobardi
1022 1794 1255 1825 incursionibus
1271 1793 1438 1834 imperium
1456 1793 1631 1824 Romanum
1648 1802 1764 1823 vexare
1781 1795 1962 1832 coeperunt.

424 1859 558 1898 Quando
588 1861 718 1898 quartus
750 1855 937 1897 panegyrici
966 1855 1047 1885 liber
1075 1853 1196 1894 publici
1224 1853 1302 1884 iuris
1325 1853 1428 1884 factus
1453 1853 1510 1890 sit,
1544 1852 1716 1883 nescimus.
1763 1851 1837 1882 Veri
1862 1851 1966 1882 simile

337 1924 385 1952 est
415 1920 523 1961 paullo
555 1922 626 1959 post
656 1920 777 1948 eeteros
808 1919 873 1947 tres
905 1925 975 1945 euin
1005 1914 1148 1955 prodisse
1159 1914 1216 1948 2⁴3,
1261 1912 1354 1943 bellis
1387 1912 1501 1943 deinde
1530 1911 1752 1952 ingruentibus
1783 1910 1833 1942 vel
1867 1913 1965 1941 morte

337 1983 450 2021 potitae
473 1978 560 2010 inani
584 1976 769 2018 panegyrici
792 1975 868 2006 ludo
892 1973 987 2005 finem
1011 1973 1192 2014 impositum
1217 1982 1298 2003 esse.

425 2091 465 2121 19)
486 2091 552 2113 laud.
575 2091 660 2112 Anast.
682 2088 710 2111 41
734 2095 772 2110 me
792 2093 891 2117 qnoque
911 2086 1075 2115 gaudentem,
1098 2087 1255 2114 quaestorum
1275 2084 1396 2111 maxime,
1417 2083 1500 2106 redde.

738 2130 802 2160 quod
820 2130 887 2152 labor
906 2129 1025 2157 indulsit7
1048 2128 1112 2157 quod
1134 2128 1206 2150 fessis
1227 2127 1329 2157 provida
1350 2126 1427 2149 Musis

738 2173 800 2195 alma
819 2179 863 2201 per
881 2172 1008 2194 insomnes
1027 2170 1119 2193 meruit
1138 2170 1267 2198 vigilantia
1287 2172 1386 2197 noctes,

737 2216 762 2238 hi
783 2216 844 2237 sacri
864 2216 1003 2237 monstrant
1020 2214 1112 2243 apices.
1150 2213 1218 2241 lege,
1241 2218 1337 2235 summe
1357 2212 1488 2240 magister,

737 2260 761 2280 et
781 2264 879 2280 causam
899 2256 1004 2279 defende
1024 2262 1112 2279 meam.
1151 2255 1196 2277 tibi
1217 2255 1311 2277 sanctio
1330 2257 1440 2276 vestrum

739 2299 895 2322 commendat
914 2298 1045 2321 famulum.

423 2344 463 2367 20*
486 2344 520 2366 Ne
540 2344 595 2373 quis
610 2343 727 2371 Foaginio
747 2340 914 2371 adstipulatus
934 2342 1000 2370 ipsos
1019 2339 1160 2369 panegyrici
1180 2339 1253 2361 libros
1273 2346 1286 2361 a
1299 2338 1404 2368 Corippo
1426 2339 1520 2360 ‘sacros
1539 2335 1632 2366 apices'
1652 2336 1769 2366 appellari
1789 2334 1880 2363 credat,
1900 2341 1964 2364 pau-

338 2395 377 2410 cos
397 2388 460 2409 locos
481 2387 605 2414 adscribo,
633 2393 645 2408 e
672 2386 762 2415 quibus
788 2385 897 2407 solemne
922 2384 948 2406 id
973 2390 1062 2406 nomen
1088 2382 1166 2405 fuisse
1186 2382 1277 2404 decreti
1296 2382 1451 2411 imperatoris
1470 2382 1595 2410 appareat.
1634 2379 1718 2402 Sidon.
1739 2384 1777 2407 ep.
1803 2377 1824 2406 l,
1846 2378 1869 2400 ὁ.
1891 2377 1914 2407 ϋ,
1937 2376 1960 2400 8.

337 2430 396 2453 Cod.
417 2430 481 2453 lust.
502 2430 525 2451 II
545 2428 567 2454 S.
591 2429 614 2452 6.
636 2428 671 2450 XI
692 2427 732 2450 42.
756 2426 795 2450 ll.

423 2472 465 2499 21>
486 2472 552 2495 laud.
575 2472 637 2494 lust.
659 2470 735 2500 praef.
757 2469 788 2492 43
809 2472 889 2498 grates
910 2475 1007 2498 semper
1026 2474 1069 2496 ago
1089 2470 1113 2490 et
1131 2474 1174 2497 pro
1193 2473 1296 2490 munere
1315 2466 1422 2489 earmina
1441 2468 1519 2495 porto.

423 2514 463 2543 22>
487 2515 514 2537 ln
534 2518 585 2537 tres
603 2514 678 2536 libros
698 2513 791 2542 priores
810 2512 835 2534 id
855 2511 932 2534 cadit.
956 2510 1021 2540 quod
1040 2510 1181 2533 Guilelmus
1201 2509 1338 2532 Teuffelius
1357 2509 1483 2531 incautius
1503 2507 1532 2530 de
1551 2509 1601 2529 toto
1621 2505 1719 2535 Corippi
1739 2504 1887 2534 panegyrico
1907 2510 1963 2526 con-

340 2557 433 2581 tendit:
464 2557 525 2579 ‘Die
545 2557 639 2581 Aulaae
659 2557 691 2578 ist
712 2562 736 2577 so
756 2554 952 2583 weitschweifig‚
981 2553 1038 2575 dass
1060 2553 1128 2575 diese
1147 2552 1162 2575 4
1182 2552 1279 2574 Biieher
1298 2558 1345 2574 nur
1364 2551 1404 2573 die
1423 2553 1506 2573 ersten
1526 2549 1582 2572 aoht
1601 2549 1665 2577 Tage
1686 2554 1730 2570 von
1750 2545 1857 2570 Justin's
1877 2547 1964 2575 Regie-

339 2606 400 2628 rung
421 2598 568 2622 umfassen'.
608 2598 755 2621 (lescbicbte
774 2597 818 2619 der
836 2598 897 2619 rom.
918 2596 1055 2619 Literatur.
1077 2594 1093 2625 S
1112 2593 1170 2618 454.

422 2641 463 2670 2553
487 2642 597 2671 Tlreoph.
619 2642 658 2664 ed.
681 2640 782 2663 Classen
802 2640 812 2662 Ι
831 2647 856 2669 p.
878 2637 927 2661 373
952 2637 1033 2669 τοὺτῳ
1058 2636 1093 2670 τῷ
1118 2635 1167 2661 ἔτει
1186 2634 1304 2668 Αἰθέριος
1328 2634 1371 2659 καὶ
1391 2634 1404 2659 ὁ
1420 2628 1517 2666 Ἅβῦιος
1535 2632 1578 2657 καὶ
1597 2631 1610 2657 ὁ
1630 2631 1672 2656 σὺν
1692 2630 1779 2659 αὐτοῖς
1801 2630 1883 2662 ἰατρὸς
1903 2629 1962 2654 ἐπε-

338 2682 475 2716 βούλευσα-ι
495 2683 531 2716 τῷ
552 2682 649 2715 βασιλεῖ
669 2679 803 2714 donnino),
824 2679 979 2714 γνωσθέντες
998 2679 1025 2704 δὲ
1045 2678 1172 2704 ἀπέθανον
1193 2678 1264 2712 Ξὶφει.

425 2726 464 2750 241
488 2727 514 2749 111
542 2730 629 2755 quarto
654 2727 727 2748 etiam
752 2726 814 2748 libro
838 2731 926 2747 versus
951 2724 1023 2754 pauci
1049 2725 1152 2751 extant,
1177 2723 1204 2745 in
1230 2722 1322 2751 quibus
1347 2720 1483 2743 scribendis
1508 2719 1579 2749 poeta
1598 2717 1774 2741 coniurationis
1795 2716 1963 2746 suppliciique

337 2769 449 2792 Aetherii
470 2772 494 2791 et
515 2768 590 2791 Abdii
611 2769 754 2791 meminisse
774 2767 880 2790 videtur.
920 2767 953 2789 IV
973 2765 1118 2789 :tls—363.
