2034 3108
776 172 1001 198 PffljioEMlvm.
1657 172 1699 202 LI

82 284 200 325 publici
232 294 265 315 se
296 283 372 314 iuris
403 283 556 314 facturum
590 283 731 323 promisit
743 285 776 321 ⁷).
825 283 901 314 Cum
935 287 1039 314 autem
1072 283 1232 314 Dracontii
1264 283 1404 314 recensio
1435 283 1587 314 Ruiziana
1619 294 1698 314 nun—

83 354 176 383 quam
202 343 286 384 typis
310 353 462 383 expressa
487 342 536 379 sit,
564 352 625 372 non
650 342 749 372 Ruizii
776 342 885 382 ipsius,
914 342 969 373 sed
992 343 1085 374 amici
1111 343 1178 373 eius
1203 343 1354 373 Iohannis
1378 343 1497 373 Perezii
1521 343 1699 374 testimonio

80 403 212 441 utimur7
252 403 305 442 qui
335 402 501 433 Ovetensis
531 402 605 432 olim
637 401 793 433 ecelesiae
824 402 855 432 in
891 402 979 433 libris
1010 402 1111 433 Ruizii
1146 402 1285 433 codicem
1320 402 1419 433 fuisse
1453 403 1694 441 asseveravity.

80 462 169 493 Vnde
200 461 331 493 Ruizius
362 465 393 493 et
423 461 588 493 l'erczius.
623 471 703 501 (luae
734 461 773 492 de
804 461 912 493 codice
944 465 1115 494 noverunt.
1151 461 1327 501 hauserint.
1362 461 1490 492 minime
1521 472 1577 492 nos
1608 462 1696 494 latet.

79 522 268 553 Etiamnunc
299 522 381 553 enim
412 522 443 552 in
474 521 688 552 vetustissimo
719 521 798 551 libro
831 521 984 552 ecelesiae
1016 521 1201 552 metensis.
1241 521 1293 561 qui
1328 532 1345 552 a
1378 521 1522 561 Philippo
1557 532 1631 561 rege
1666 522 1696 552 in

78 581 300 613 bibliothecam
318 581 570 612 Escorialensem
587 581 760 612 translatus
784 584 831 612 est
854 581 960 621 ibique
985 581 1164 612 etiamnunc
1193 581 1229 619 (R
1244 580 1274 611 II
1299 582 1341 612 is*
1370 585 1560 612 asservatur.
1586 581 1698 612 inven—

78 641 191 672 tarium
217 641 429 672 bibliothecae
446 640 613 672 Ovetensis
638 644 724 672 extat
747 651 829 671 anno
847 640 1062 671 DOCCCXX⁰
1081 650 1174 671 aerae
1190 640 1392 680 l‘lispanicae7
1421 640 1699 671 DCCCLXXXIF'

78 711 109 741 p.
137 700 210 731 Chr.
237 711 267 731 n.
295 700 491 741 seriptum⁰l.
542 700 609 737 Quo
633 700 664 730 in
688 700 863 731 inventario
888 710 957 731 cum
982 700 1046 730 alia
1069 709 1180 739 opera.
1216 710 1297 739 quae
1328 700 1358 730 in
1391 699 1498 731 codiee
1524 700 1696 731 Matritcnsi

76 760 200 791 insunt..
236 760 381 791 Catonis.
416 759 597 790 Dracontii.
632 759 771 791 sedulii.
806 759 941 799 Eugcuii
973 759 1114 800 episcopi
1138 759 1283 790 Toletani
1308 759 1449 790 earmina
1472 763 1693 793 menmrantur.

77 823 139 850 tum
170 819 217 850 Αἰιι
241 819 368 851 laudem
392 819 506 850 Iustini
529 819 669 851 minoris.
696 819 728 849 in
752 819 879 850 laudem
903 819 1101 850 Anasthasii'
1118 821 1139 839 ¹⁰
1160 844 1165 849 .

162 879 312 910 Codieem
330 879 546 910 Matritenscm
571 889 640 910 eum
665 883 735 919 post
750 879 895 910 Ruizium
920 878 1075 910 editorum
1092 879 1218 919 Corippi
1243 889 1334 909 nemo
1351 879 1474 917 viderit,
1502 879 1578 910 mibi
1595 880 1694 920 primo

75 939 179 970 denuo
203 938 426 970 excutiendum
451 939 596 979 praebuit
618 938 741 969 fortuna
765 947 927 978 prospera.
977 938 1042 968 Viri
1067 938 1149 969 enim
1174 938 1316 978 insignes
1340 942 1371 969 et
1395 938 1553 969 liberales.
1581 939 1696 979 quibus

75 998 168 1029 hodie
199 1008 321 1029 summa
350 1008 452 1029 rerum
482 998 568 1039 apud
598 998 758 1038 Hispanos
789 998 957 1029 commissa
988 1002 1048 1029 est.
1083 997 1167 1037 quod
1198 998 1318 1038 privato
1350 998 1468 1029 nemini
1492 998 1595 1029 adhue
1621 1009 1695 1029 eon=

74 1061 250 1095 cesserant,
286 1061 319 1089 ut
348 1057 550 1089 venerandae
577 1057 775 1097 antiquitatis
800 1057 913 1088 librum
937 1057 978 1088 ad
1003 1060 1127 1089 exteros
1150 1057 1415 1088 transmitterent.
1451 1057 1482 1088 id
1507 1068 1693 1089 monumen—

72 1122 172 1149 torum
203 1118 353 1149 historiae
378 1117 586 1149 Germanicae
620 1118 815 1148 euratorilms
848 1121 880 1149 ut
907 1117 1101 1157 denegarent
1126 1127 1186 1147 non
1211 1118 1437 1148 sustiiuicrunt.
1486 1117 1596 1157 Itaque
1620 1128 1694 1149 con—

73 1177 163 1217 tigit,
198 1181 231 1209 ut
253 1177 327 1208 anni
352 1177 486 1218 proximi
509 1180 631 1208 aestate
655 1177 736 1208 liber
765 1177 1014 1217 pretiosissimus
1041 1177 1178 1207 Matritio
1204 1177 1383 1208 Berolinum
1408 1177 1603 1218 perveniret.
1641 1178 1692 1208 ubi

74 1237 105 1267 in
135 1236 328 1268 bibliotheca
358 1237 447 1277 regia
476 1247 547 1268 eum
579 1236 715 1268 excussi.
775 1237 823 1267 Ad
855 1237 1026 1277 Corippum
1058 1236 1177 1267 codicis
1208 1237 1402 1268 Matritensis
1432 1237 1506 1267 t'olia
1545 1235 1691 1267 17'¹-.·›1··

72 1297 239 1337 pertinent.
266 1297 299 1328 in
322 1296 438 1335 quibus
462 1296 541 1327 haee
564 1295 685 1327 insunt:

165 1357 187 1391 l)
216 1356 271 1387 fol.
305 1354 461 1386 17¹¹—19³*.
514 1355 686 1387 Perioehae
720 1356 854 1387 barbare
889 1356 1041 1397 scriptae.
1080 1366 1137 1387 nee
1171 1360 1276 1387 tamen
1311 1356 1342 1387 in
1378 1356 1514 1387 editione
1551 1360 1691 1396 praeter--

70 1415 261 1455 mittendae,
295 1426 364 1447 eum
389 1415 433 1446 is.
468 1416 521 1455 qui
546 1415 734 1456 composuit.
771 1416 898 1457 Corippi
923 1416 1149 1457 panegyricum
1174 1416 1349 1456 integrum.
1384 1427 1443 1446 non
1476 1416 1598 1447 lacunis
1623 1426 1693 1447 sca·

71 1479 206 1515 tentem,
240 1475 366 1507 viderit.
414 1475 577 1516 Epitomes
601 1475 669 1506 eius
694 1475 809 1506 menda
832 1476 1006 1516 corrigere7
1042 1476 1173 1507 lacunas
1200 1476 1329 1516 explere
1353 1476 1488 1507 editores
1512 1480 1688 1517 potuerunt.

74 1546 142 1566 cum
175 1535 302 1575 singula
332 1535 400 1566 eius
432 1535 596 1566 enuntiata
618 1535 780 1574 aliquanto
804 1535 946 1566 breviora
971 1536 1002 1566 in
1026 1535 1168 1575 margine
1192 1535 1263 1566 libri
1286 1535 1373 1567 iuxta
1398 1536 1582 1576 panegyrici
1607 1536 1693 1567 locos

70 1604 134 1626 eos.
162 1595 203 1626 ad
226 1604 304 1634 quos
328 1595 496 1635 pertinent7
523 1594 637 1626 iterum
661 1594 780 1635 scripta
803 1598 923 1625 extent.
972 1595 1143 1626 Periochae
1166 1595 1197 1625 in
1223 1595 1328 1635 capita
1351 1595 1473 1626 divisae
1497 1599 1578 1626 sunt.
1610 1606 1690 1635 quae

68 1654 181 1685 eadem
205 1654 344 1685 numeris
366 1654 479 1685 iisdem
504 1654 678 1694 litterisque
702 1654 826 1694 magnis
849 1654 1025 1685 initialibus
1048 1658 1154 1685 notata
1178 1655 1210 1685 in
1234 1655 1427 1695 panegyrico
1452 1655 1520 1694 ipso
1545 1655 1691 1685 librarius

69 1714 221 1746 distinxit.
271 1714 492 1745 Perioeharum
526 1723 599 1754 pars
630 1717 790 1754 postrema
819 1713 881 1745 iam
912 1714 944 1745 in
975 1714 1082 1745 codiee
1106 1724 1159 1751 eo,
1194 1725 1295 1755 equo
1319 1714 1511 1746 Matritensis
1536 1715 1686 1753 manavit,

69 1774 207 1815 perierat
229 1774 322 1813 folio7
358 1777 391 1805 ut
413 1773 556 1813 videtur.
588 1783 649 1804 uno
672 1773 860 1814 intercepto,
888 1773 919 1804 in
943 1784 1004 1814 quo
1030 1774 1235 1814 praefationis
1260 1774 1355 1805 etiam
1379 1774 1502 1805 initium
1527 1778 1689 1805 exaratum

69 1833 181 1865 fuerat.

157 1894 185 1932 ⁶2)
215 1892 269 1923 fol.
302 1894 451 1923 19³—20‘L
475 1893 617 1933 sequitur
639 1892 793 1934 praefatio
817 1893 947 1933 Corippi
970 1893 1059 1924 initio
1083 1893 1204 1924 mutila.

159 1953 185 1987 3]
216 1952 270 1983 fol.
297 1954 451 1982 :loa—21²⁹
475 1952 704 1984 commendatio
721 1952 904 1984 carminum.
930 1963 1023 1992 quam
1041 1953 1082 1984 ad
1100 1953 1303 1983 Anastasium
1320 1957 1517 1993 quaestorem
1536 1953 1691 1993 Corippus

71 2011 205 2052 scripsit.
235 2011 421 2043 continetur.
467 2012 524 2044 Cui
548 2012 659 2043 titulus
684 2012 868 2053 praefigitur
895 2012 1121 2053 ‘panigiricum
1146 2012 1177 2043 in
1202 2013 1329 2044 laudem
1352 2013 1513 2044 Anastasii
1537 2013 1692 2053 questoris

68 2075 99 2103 et
122 2071 266 2112 magistri
275 2073 291 2102 ¹.

154 2230 175 2257 T)
199 2230 298 2260 Corippi
321 2231 351 2253 de
376 2231 492 2254 laudibus
511 2232 601 2254 Iustini
627 2232 683 2254 libri
704 2232 739 2254 lv
765 2233 870 2261 primum
895 2239 908 2254 e
933 2232 1041 2254 tenebris
1067 2232 1091 2254 iu
1118 2232 1197 2254 lucem
1223 2233 1310 2254 asserti
1336 2239 1378 2261 per
1404 2231 1550 2255 Miehaelem
1574 2232 1689 2255 Ruizium

69 2273 210 2301 Assagrium
231 2272 383 2296 Celtiberum
404 2274 555 2303 Antverpiae
572 2273 631 2297 1581
655 2282 678 2303 p,
696 2274 737 2297 74.
772 2275 811 2296 ‘in
833 2277 914 2297 nostro
934 2275 1082 2303 exemplari,
1104 2274 1177 2303 quod.
1202 2277 1228 2297 ut
1247 2275 1305 2297 alibi
1325 2275 1354 2297 ad
1375 2282 1436 2304 opus
1458 2275 1582 2297 Dracontii
1604 2276 1688 2304 poetae

68 2316 97 2337 de
116 2315 215 2338 Fabi-ica
234 2316 334 2344 mundi,
356 2319 381 2338 et
400 2317 429 2338 ad
449 2317 556 2339 earmina
576 2317 650 2339 simul
672 2318 702 2340 l).
724 2317 830 2346 Eugenii
852 2318 965 2347 Episcopi
986 2317 1101 2340 Toletani
1121 2317 1210 2340 diffuse
1230 2318 1333 2347 praefati
1354 2325 1451 2346 sumus,
1475 2324 1522 2339 non
1543 2324 1572 2339 ex
1593 2318 1689 2339 conice-

68 2358 144 2386 turis,
173 2358 215 2381 sed
235 2359 282 2381 fide
302 2359 375 2388 plane
394 2360 549 2388 certissima,
575 2362 670 2382 constat
688 2362 746 2383 ante
766 2360 952 2389 septingentos,
979 2363 1004 2382 et
1023 2367 1050 2382 eo
1069 2360 1188 2390 amplius,
1212 2367 1288 2383 annos
1309 2360 1385 2383 fuisse
1408 2360 1568 2389 descriptum,
1591 2367 1689 2389 semper

67 2402 153 2423 totiens
172 2403 196 2424 et
216 2403 326 2430 quotiens
345 2402 485 2430 leguntur'.

154 2446 177 2476 8)
199 2447 275 2470 Perez
294 2449 320 2470 in
339 2449 404 2470 notis
423 2449 452 2471 ad
472 2452 547 2478 caput
566 2449 613 2471 VII
633 2449 719 2472 Isidori
739 2449 769 2471 de
789 2449 847 2472 viris
867 2450 1022 2472 illustribus:
1053 2450 1087 2471 “is
1114 2449 1188 2478 liber,
1219 2449 1327 2472 Gothicis
1351 2450 1441 2472 litteris
1461 2450 1614 2480 descriptus,
1642 2450 1686 2473 t'uit

68 2489 123 2512 olim
143 2490 267 2513 Ecclesiae
286 2490 425 2521 ovetensis,
448 2494 533 2520 postea
551 2492 619 2521 apud
638 2492 785 2514 Michaelem
805 2492 920 2514 Ruizium
941 2492 1075 2521 Azagrium
1094 2492 1199 2515 amicum
1220 2491 1324 2514 meum‘.
1363 2493 1395 2515 ct'.
1417 2493 1514 2515 Arevali
1534 2493 1563 2515 ad
1582 2492 1689 2515 Dracon-

68 2532 129 2554 tium
148 2533 322 2561 prolegomena
340 2533 361 2555 V
380 2532 411 2556 42
431 2540 454 2562 p.
471 2533 512 2556 35.

155 2579 179 2607 9)
201 2579 278 2608 Viage
297 2580 328 2602 de
346 2580 478 2603 Ambrosio
498 2581 527 2603 de
547 2581 652 2603 Morales.
672 2588 716 2610 per
734 2581 807 2603 orden
826 2581 866 2603 del
885 2587 926 2609 rey
946 2581 975 2603 D.
998 2581 1100 2610 Phelipe
1120 2581 1141 2603 ΙΙ
1162 2589 1176 2603 a
1194 2582 1229 2603 los
1248 2588 1336 2609 reynos
1355 2582 1384 2604 de
1404 2582 1484 2611 Leon,
1515 2589 1528 2609 y
1547 2581 1653 2606 Galicia.
1677 2589 1689 2609 y

69 2620 210 2650 principado
238 2621 267 2644 de
296 2622 409 2645 Asturias
439 2629 495 2652 para
523 2630 652 2647 reconoeer
672 2642 676 2645 .
695 2642 699 2646 .
718 2642 745 2646 ..
768 2630 781 2651 y
801 2624 875 2646 libros
901 2624 1063 2647 manuscritos
1089 2624 1119 2646 de
1146 2624 1180 2646 las
1199 2624 1357 2647 s'athedrales
1383 2632 1395 2652 y
1421 2624 1593 2647 Monasterios.
1632 2624 1686 2646 dale

68 2664 81 2684 {2
100 2663 139 2685 luz
159 2663 286 2693 Henrique
306 2664 399 2687 Florez.
421 2665 514 2688 Madrid
533 2666 594 2688 1765
616 2673 638 2695 p.
655 2665 696 2689 94.
713 2666 753 2689 95.
782 2666 840 2689 ltin.
862 2666 921 2689 Ant.
944 2666 1000 2689 edd.
1022 2666 1112 2689 Piuder
1131 2669 1156 2689 et
1175 2666 1279 2695 Parthcy
1300 2667 1406 2689 Berolini
1424 2666 1486 2689 1549
1504 2675 1526 2695 p.
1544 2667 1599 2689 XX.
1618 2667 1685 2689 XM.

158 2709 196 2738 10)
219 2711 322 2733 Litteris
341 2712 459 2741 Ewaldii7
487 2713 531 2741 qui
556 2713 593 2735 vir
619 2712 704 2735 doctus
730 2719 809 2741 nuper
829 2714 918 2735 librum
938 2713 1132 2735 Eseorialensem
1153 2714 1275 2743 inspexit,
1304 2715 1391 2737 certior
1411 2715 1442 2737 tio
1461 2721 1515 2737 eum
1535 2714 1595 2736 alios
1614 2720 1687 2742 quos-

69 2752 124 2774 dam
144 2753 232 2775 titulos
252 2755 303 2775 tum
323 2754 395 2776 verba
419 2755 458 2777 ·in
479 2754 553 2777 laude
572 2755 663 2777 Iustini
684 2756 783 2777 minoris
804 2755 878 2777 liber'
899 2762 947 2778 non
967 2756 1045 2785 prima
1065 2763 1154 2785 manu,
1181 2756 1222 2778 sed
1243 2757 1268 2778 in
1288 2757 1380 2786 spatio,
1406 2757 1467 2786 quod
1488 2763 1592 2778 vacuum
1612 2756 1687 2785 prima

70 2801 156 2817 manus
176 2796 294 2819 omiserit.
318 2796 391 2818 altera
413 2804 484 2819 manu
506 2797 588 2826 paullo
607 2798 740 2820 recentiore
760 2798 863 2826 saeculo,
887 2801 913 2820 nt
934 2798 1054 2825 videatur,
1077 2798 1122 2820 lxv
1142 2799 1231 2827 scripta
1250 2806 1312 2821 esse..

1443 2850 1478 2867 ω

1442 2868 1456 2881 Γ)
