2034 3108
742 174 967 200 PROOEMIVM.
1560 173 1669 203 XXIX

48 290 113 317 stra
136 286 273 317 Antonia
297 286 325 316 ei
349 288 543 324 occurrerat,
577 285 644 316 sine
674 285 835 325 responsis
865 285 897 315 in
922 284 1067 315 custodia
1090 288 1211 315 retenta
1226 287 1269 323 ¹⁴⁴¹,
1305 284 1440 324 primum
1464 293 1550 315 oram
1574 284 1670 314 mari-

47 346 167 385 timam.
187 355 244 386 per
260 354 355 384 quam
371 344 424 375 via
440 344 671 375 Hadrumetina
687 344 880 384 processisse
896 344 1032 383 videtur,
1052 344 1091 375 ab
1108 344 1253 375 hostibus
1269 343 1460 383 vagantibus
1477 343 1592 374 liberat
1604 345 1666 381 ¹⁵0),

48 404 164 435 deinde
195 405 227 435 in
257 403 406 435 interiora
428 403 559 444 Byzacii
584 412 754 434 conversus
778 403 809 434 in
833 404 1002 440 montium,
1037 403 1091 443 qui
1114 403 1278 443 planitiem
1302 403 1502 443 Byzacenam
1526 402 1666 443 cingunt,

48 464 191 504 margine
221 463 401 494 Maurorum
434 463 606 494 exereitum
637 472 845 503 permagnum
876 462 1068 502 i11venit¹³>1j.
1126 462 1238 501 Neque
1269 462 1352 492 enim
1382 462 1517 493 Antalae
1547 466 1667 493 tantum

48 523 101 563 qui
130 523 285 563 parebant
314 522 444 563 Byzacii
474 522 601 562 populi,
636 521 693 552 sed
724 521 839 561 Syrtici
871 522 967 552 etiam
998 522 1090 552 Ierna
1120 522 1217 552 duce.
1250 521 1423 552 Numidiae
1454 521 1670 552 meridionalis

48 586 160 622 gentes
192 592 261 613 cum
293 581 394 612 Iauda
423 591 498 621 rege
530 581 591 612 huc
623 582 918 612 concurrerantfflr.
978 581 1165 620 Priusquam
1200 581 1240 611 ad
1275 590 1414 621 pugnam
1450 591 1483 612 se
1518 581 1665 620 accinxit,

47 642 166 672 Mauris
190 646 348 673 extremas
371 641 460 682 pacis
483 640 684 672 condiciones
708 641 767 671 has
791 641 967 681 proposuit:
1002 644 1035 671 ut
1059 640 1127 671 Afri
1151 640 1268 681 captivi
1292 639 1515 678 redderentur,
1550 641 1669 671 Austu-

47 701 128 732 riani
151 704 182 732 et
199 701 441 741 Laguantenses
464 700 496 731 in
521 700 614 731 sedes
636 710 710 731 suas
726 699 876 739 redirent,
903 700 1036 731 Antalas
1052 699 1220 730 Iustiniani
1236 699 1368 740 imperio
1385 709 1418 730 se
1436 699 1667 739 subiceretfflj.

47 760 169 798 Quibus
201 760 437 792 condicionibus
466 759 594 791 reiectis
620 759 718 790 Mauri
748 769 765 790 e
795 759 924 798 castris,
960 769 1040 799 quae
1064 759 1096 790 in
1120 763 1224 790 monte
1248 760 1500 799 posuer-ant154),
1535 759 1669 790 descen—

48 819 161 851 derunt
192 824 223 851 et
246 820 314 851 acie
338 819 491 850 instructa
514 829 584 850 cum
608 819 820 850 Romanorum
845 818 985 850 exercitu
1010 818 1229 850 conflixerunt.
1278 818 1356 850 Cum
1381 818 1434 849 diu
1458 818 1545 849 vario
1569 819 1669 849 Marte

46 883 222 920 pugnatum
252 882 355 917 esset,
387 878 516 910 tandem
547 879 579 909 in
613 878 722 919 fugam
753 879 883 910 coniecti
908 878 1010 909 Mauri
1039 882 1144 909 castra
1174 878 1378 919 repetierunt.
1427 878 1491 909 Sed
1515 878 1665 919 praedae,

47 948 142 978 quam
172 942 270 970 totam
300 938 453 978 magister
483 938 636 969 exercitui
666 938 935 979 promiseratffi),
969 947 1024 978 spe
1055 937 1176 968 incitati
1200 938 1333 968 Romani
1365 942 1469 969 castra
1492 937 1587 968 etiam
1612 937 1669 968 ho-

47 998 140 1029 stium
164 998 306 1039 irrupere
330 1002 360 1029 et
382 997 552 1038 diripuere.
605 998 722 1028 *Multa
745 997 828 1028 inter
851 997 964 1029 milia'.
1000 1007 1081 1036 quae
1105 997 1138 1028 in
1161 997 1239 1037 fuga
1262 997 1439 1038 perierunt.
1468 998 1560 1027 lerna
1584 997 1668 1027 Mar-

47 1057 203 1088 maridum
228 1067 283 1088 rex
307 1067 419 1089 caesus
444 1059 566 1095 estur).
617 1058 747 1088 Praeter
778 1056 931 1097 praedam
963 1056 1125 1096 ingentem
1157 1057 1417 1098 splendidissima
1448 1057 1506 1087 hae
1539 1056 1669 1087 victoria.

47 1120 170 1157 partam
200 1117 411 1148 Romanorum
442 1116 600 1148 exercitus
624 1116 801 1147 Solomonis
832 1116 927 1147 etiam
958 1116 1050 1157 signa
1081 1117 1249 1148 militaria.
1284 1127 1365 1156 quae
1397 1116 1487 1147 clade
1518 1116 1670 1147 (sillitana

46 1175 226 1207 Maurorum
257 1176 290 1207 in
320 1180 509 1217 potestatem
540 1176 750 1214 devenerant,
786 1176 1061 1216 recuperavitffiv.
1108 1176 1282 1207 Praesidiis
1312 1186 1376 1217 per
1398 1176 1576 1216 provincias
1604 1175 1669 1206 dis-

47 1236 217 1276 positisffiffi
246 1236 405 1267 Iohannes
429 1235 601 1267 exereitum
619 1235 844 1275 Carthaginem
861 1235 998 1268 reduxit.
1027 1245 1211 1276 summoque
1236 1236 1350 1267 civium
1375 1235 1493 1276 gaudio
1517 1238 1670 1275 exceptus

51 1298 109 1334 est,
137 1305 206 1326 cum
232 1306 323 1326 nemo
347 1295 516 1328 dubitaret.
544 1295 619 1335 quin
642 1295 760 1326 bellum
785 1295 848 1325 iam
872 1299 1034 1336 peractum
1057 1305 1095 1326 ac
1119 1295 1276 1335 sepultum
1301 1296 1458 1335 essetffif').

134 1355 201 1386 Nec
225 1365 299 1386 vero
323 1355 472 1386 diuturna
494 1358 568 1386 tunc
592 1364 655 1395 pax
679 1354 804 1386 Africae
830 1355 970 1395 contigit.
1020 1355 1191 1394 Aliquanto
1222 1355 1305 1386 enim
1329 1360 1400 1395 post
1421 1354 1530 1395 populi
1554 1354 1670 1394 Syrtici

47 1414 167 1446 bellum
190 1414 418 1446 instaurarunt.
466 1414 500 1444 Si
524 1414 595 1453 quis
618 1414 826 1445 Iohannidem
850 1415 950 1446 solam
968 1415 1069 1446 obiter
1083 1414 1268 1455 inspexerit,
1295 1414 1426 1445 vixdum
1445 1413 1669 1453 Carthaginem

47 1474 216 1505 revertisse
232 1474 417 1513 Iohannem,
446 1484 515 1504 cum
534 1473 726 1514 Syrticorum
750 1474 881 1505 rebellio
898 1474 1106 1511 nuntiaretur,
1134 1474 1263 1505 credere
1286 1474 1460 1515 possitffi0).
1502 1473 1565 1504 Sed
1582 1482 1671 1503 men-

48 1543 100 1565 ses
131 1537 214 1565 certe
245 1533 414 1564 nonnullos
443 1533 582 1573 quietem
615 1533 720 1573 egisse
744 1533 871 1564 Mauros
902 1544 972 1564 cum
996 1534 1139 1575 Procopii
1170 1544 1187 1565 e
1210 1534 1316 1565 verbis
1355 1531 1454 1575 χρόνῳ
1479 1533 1510 1563 δὲ
1535 1528 1663 1574 ὕστερον)

49 1593 199 1634 colligere
222 1602 391 1634 possumus
414 1597 480 1623 tum
505 1603 521 1624 e
544 1596 720 1633 temporum
744 1593 870 1624 indiciis
894 1593 1021 1634 paucis,
1056 1603 1138 1633 quae
1161 1603 1219 1634 per
1241 1592 1434 1624 Iohannidos
1458 1592 1571 1623 librum
1597 1602 1670 1623 sex-

47 1656 114 1684 tum
138 1652 286 1693 dispersa
308 1652 520 1683 inveniuntur.
568 1652 694 1683 Bellum
718 1652 801 1683 enim
826 1652 984 1693 Syrtioum
1009 1663 1071 1684 non
1094 1653 1215 1691 hieme,
1243 1663 1306 1692 qua
1328 1662 1436 1694 pugna
1459 1652 1560 1693 prima
1584 1662 1670 1683 com-

49 1712 149 1744 missa
172 1716 256 1752 erat,
292 1711 348 1743 sed
377 1715 518 1752 ternpore
549 1721 586 1742 eo
616 1721 677 1751 quo
705 1712 818 1742 messis
841 1711 998 1751 instabat,
1033 1712 1192 1744 exarsisse
1216 1716 1246 1744 et
1269 1716 1391 1743 aestate
1415 1711 1520 1743 media
1543 1714 1669 1751 gestum

50 1781 121 1803 esse
153 1771 280 1813 Corippi
313 1781 329 1803 e
360 1771 541 1802 narratione
571 1771 746 1809 elucetlffl).
797 1771 874 1802 Cum
906 1772 1003 1812 igitur
1032 1776 1153 1803 constet
1181 1772 1332 1813 temporis
1363 1771 1560 1812 aliquantum
1589 1771 1671 1801 inter

50 1831 183 1872 primam
207 1835 238 1863 et
261 1830 433 1863 secundam
449 1830 600 1861 Iohannis
624 1830 859 1871 expeditionem
882 1831 1076 1863 interfuisse.
1102 1832 1165 1863 iam
1189 1832 1257 1862 fieri
1274 1831 1414 1872 potuisse
1430 1831 1666 1870 intellegemus,

138 1943 193 1971 149)
217 1943 269 1966 Cor.
292 1944 345 1967 Ioh.
366 1944 377 1966 l
397 1942 445 1966 499
465 1943 531 1972 ipsos
549 1943 646 1972 privato
665 1944 739 1965 iussit
758 1943 859 1966 custode
878 1944 966 1966 teneri.

137 1986 192 2015 150>
214 1986 269 2009 Cor.
290 1986 342 2009 Ioh.
364 1986 387 2008 11
410 1985 416 2008 1
442 1985 546 2008 Pellitur
565 1986 660 2008 interea
680 1986 777 2008 cunctis
796 1988 902 2008 vastator
921 1987 950 2009 ab
969 1987 1016 2009 oris

441 2028 543 2051 Maurus
562 2031 587 2051 et
606 2028 705 2051 adverso
725 2028 838 2058 trepidus
857 2029 964 2052 calcatur
983 2030 1012 2051 ab
1031 2029 1110 2052 hoste.

442 2070 534 2093 deserit
552 2071 664 2093 obsessas
683 2071 781 2099 fugiens
801 2072 951 2094 conterritus
970 2071 1056 2100 urbes,

442 2113 607 2142 turbatusque
627 2116 694 2135 metu
715 2116 811 2136 montes
830 2114 952 2136 concurrit
971 2114 1000 2136 ad
1019 2114 1090 2138 altos.

137 2155 192 2183 151)
216 2156 270 2178 Gor.
291 2155 344 2178 1011.
366 2155 388 2177 11
411 2154 457 2178 162
478 2155 526 2177 iam
547 2156 617 2178 fortis
636 2162 769 2185 properans
788 2156 877 2179 densos
897 2157 1021 2179 exercitus
1040 2157 1124 2179 hostes

475 2198 600 2220 montibus
620 2199 645 2220 in
665 2199 768 2221 summis
788 2202 813 2222 et
832 2200 939 2222 collibus
959 2206 1013 2223 esse
1032 2199 1141 2222 videbat.

136 2239 191 2269 152)
214 2240 268 2263 Cor.
289 2240 342 2263 Ioh.
364 2240 386 2262 II
406 2239 532 2264 ’.ΞΒ-161.
554 2241 585 2263 cf.
607 2242 725 2270 prooemii
743 2241 820 2264 huius
839 2249 864 2271 p.
886 2241 1038 2264 VIII—xv.

134 2282 189 2311 153)
213 2282 266 2306 Cor.
288 2282 339 2305 Ioh.
360 2282 384 2304 11
404 2282 548 2306 344—347.
587 2283 634 2311 Qui
659 2290 745 2306 versus
768 2291 916 2313 quamquam
942 2286 1006 2307 certa
1027 2285 1167 2307 coniectura
1186 2284 1287 2306 restitui
1309 2283 1349 2304 vix
1369 2285 1486 2311 possunt,
1516 2282 1665 2304 sententian·

47 2329 128 2349 tamen
149 2326 273 2348 continere
291 2325 408 2347 videntur
426 2325 605 2354 planissimam.

134 2368 189 2396 154)
211 2368 265 2391 Cor.
286 2367 338 2390 Ioh.
359 2367 382 2389 11
403 2366 426 2390 9.
450 2366 506 2390 163.
528 2367 586 2390 207.
609 2367 667 2391 414.
690 2368 723 2390 IV
743 2368 799 2391 304.
822 2368 879 2391 947.

132 2410 188 2439 155)
210 2410 264 2433 Cor.
284 2410 336 2432 Ioh.
358 2410 392 2432 IV
414 2409 591 2434 1054—1057.

134 2452 189 2481 156)
211 2452 266 2476 Cor.
287 2452 339 2477 Ioh.
362 2452 396 2474 IV
417 2451 491 2475 1163.

133 2495 188 2523 157>
211 2495 278 2518 Proe.
299 2495 322 2517 b.
345 2495 423 2518 Vand.
445 2495 468 2518 11
488 2494 529 2518 28.
568 2494 621 2518 Cor.
644 2495 693 2518 Iob.
717 2496 751 2518 IV
773 2495 846 2519 1154.

133 2537 188 2566 158)
210 2537 264 2561 Gor.
285 2537 338 2560 Ioh.
359 2537 395 2560 Vl
415 2536 524 2561 38-52.

133 2579 187 2607 159)
210 2580 264 2603 Cor.
285 2580 336 2603 Ioh.
358 2580 393 2602 VI
413 2579 540 2603 58—103.

133 2622 188 2651 160)
210 2622 317 2645 Fournel
338 2623 385 2645 Les
404 2623 507 2646 Ber-bers
526 2623 537 2645 1
556 2629 580 2652 p.
604 2622 650 2645 102
681 2623 729 2645 'Le
754 2622 852 2651 ge'ne'ral
878 2623 970 2644 romain
996 2622 1061 2644 avait
1085 2622 1098 2644 a
1124 2622 1198 2651 peine
1217 2622 1317 2644 tamen&
1336 2628 1375 2644 ses
1395 2624 1494 2650 txoupes
1515 2622 1527 2643 a
1547 2621 1664 2649 (armage-

44 2666 104 2695 qu’il
122 2666 204 2695 apprit
221 2665 330 2688 l'arrivee
349 2665 392 2688 des
410 2666 525 2688 terribles
545 2665 654 2687 Louatah
674 2665 735 2687 dans
754 2666 776 2687 la
796 2662 943 2693 Byzacene'.

134 2707 190 2738 161)
211 2707 264 2730 Cor.
286 2707 338 2731 Ioh.
360 2707 394 2730 VI
413 2706 460 2730 247
482 2708 577 2730 ster-ihs
596 2714 652 2730 nam
672 2709 781 2730 cernitur
801 2714 890 2730 annus.

301 2750 348 2773 VII
367 2750 407 2774 70.
430 2749 457 2772 71
634 2751 682 2772 iam
701 2753 800 2779 tempus
819 2751 933 2779 apertum

481 2799 571 2822 aequor
590 2792 672 2815 habet.
