2034 3108
293 166 370 197 VIII
991 158 1220 185 PROOEMIVM.

297 278 436 315 Quorum
462 275 576 306 ducum
601 274 736 305 alterum
753 271 942 303 Hadrumeti
967 271 1126 302 resedisse
1150 279 1211 300 non
1236 272 1284 300 est
1308 268 1393 308 quod
1417 278 1582 308 negemus.
1610 267 1741 299 alterius
1766 266 1874 298 sedem
1884 267 1928 308 'jin

299 336 409 367 limitis
434 335 534 376 ipsius
566 334 642 365 urbe
668 332 807 373 quadam
843 331 983 369 munita,
1017 330 1125 361 forsan
1155 330 1186 360 in
1219 339 1281 359 una
1313 339 1329 359 c
1361 331 1507 368 quattuor
1537 328 1618 367 illis.
1653 337 1733 367 quas
1757 326 1929 367 Procopius

300 394 548 431 mcmoravitfl‘i.
576 393 674 424 fnisse
700 391 857 432 suspicari
880 391 964 421 lieet.

388 455 434 485 De
458 454 574 485 finibus
597 452 830 494 provinciarum
849 450 1071 481 Africanarum
1095 449 1210 480 aetatis
1228 447 1423 479 Iustinianae
1447 457 1549 488 pauca
1575 450 1735 487 comperta
1758 446 1926 477 habemus.

303 514 372 545 Non
398 514 514 554 ubique
532 513 708 544 Iustiniano
732 511 765 542 id
789 510 872 550 quod
897 510 1068 551 expetebat
1091 509 1274 547 contigisse,
1302 510 1335 538 ut
1358 506 1399 538 ad
1418 507 1497 538 fines
1514 510 1638 538 veteres
1654 506 1780 547 imperii
1796 505 1930 536 Romani

301 575 393 605 limes
411 573 613 614 proferretur.
641 575 775 603 constat.
816 569 1048 601 Mauretaniam
1067 568 1150 599 enim
1167 578 1228 599 non
1246 566 1451 607 Tingitanam
1468 570 1600 598 tantum.
1622 565 1679 596 sed
1695 565 1791 596 etiam
1809 565 1930 597 Caesa—

300 634 437 665 riensem
454 636 552 664 totam
569 635 696 673 praeter
712 632 814 672 ipsam
833 630 943 661 urbem
960 629 1155 659 Caesaream
1172 627 1274 658 Mauri
1294 626 1456 665 tenebant,
1484 630 1518 657 ut
1540 636 1579 657 ne
1603 625 1655 656 via
1679 625 1806 664 quidem
1831 624 1931 665 pede-

302 694 384 733 stris⁷
412 703 475 732 qua
491 692 685 723 Caesaream
701 691 761 722 iter
777 690 928 721 facerent.
956 688 1181 729 Byzantiorum
1199 690 1294 722 esset.
1317 686 1373 717 sed
1389 685 1525 716 navibus
1542 688 1664 716 tantum
1680 684 1762 716 inter
1778 684 1860 715 hanc
1879 694 1930 715 ur-

301 754 384 792 bem,
403 753 491 784 cuius
508 751 672 782 moenibus
689 749 852 791 provincia
864 747 1066 779 Mauretania
1078 750 1144 778 tota
1160 747 1309 778 conclusa
1326 749 1403 785 erat.
1420 749 1451 777 et
1464 745 1691 784 Carthaginem
1708 743 1929 775 commercium

304 813 456 844 tie1·et¹¹‘³.
489 811 722 842 Mauretaniam
740 809 923 840 Sitifensem
941 817 1023 838 anno
1039 818 1070 847 p.
1087 807 1161 837 Chr.
1177 817 1208 837 11.
1225 807 1286 836 539
1303 806 1429 836 Solonio
1446 804 1636 844 vectigalem
1654 804 1738 843 fecit.
1759 814 1828 834 cuni
1847 803 1931 834 bello

303 882 453 913 prospero
478 871 592 902 montis
610 869 737 901 Aurasii
758 879 866 909 regem
882 867 1017 898 laudam
1035 870 1228 907 superasset.
1270 865 1335 896 Sed
1358 865 1446 905 regio
1469 864 1527 895 illa
1550 863 1677 903 longius
1701 874 1720 894 a
1736 863 1930 903 Carthagine

304 932 427 963 distans
451 930 557 962 nescio
578 940 619 961 an
635 929 744 970 paullo
762 932 832 969 post
849 927 1016 959 Solomone
1032 926 1197 958 interfecto
1214 926 1342 966 plenam
1359 924 1539 955 libertatem
1557 923 1802 964 recuperaverit.
1837 924 1931 955 Cete-

305 1001 410 1022 rarum
435 989 667 1031 provinciarum
692 988 792 1019 maior
815 997 893 1017 sane
916 996 1006 1027 pars.
1034 996 1116 1027 quae
1140 985 1287 1025 regiones
1310 984 1505 1019 maritimas,
1532 993 1627 1023 agros
1650 983 1764 1024 planos
1788 983 1931 1014 culturae

305 1050 489 1091 aptissimos
514 1049 671 1088 urbesque
696 1048 761 1079 fere
782 1056 891 1078 omnes
908 1046 1099 1082 continebat,
1127 1056 1146 1076 a
1162 1045 1277 1076 Poenis
1294 1048 1324 1075 et
1340 1043 1491 1074 Romanis
1508 1053 1564 1084 per
1579 1043 1675 1083 longa
1691 1043 1821 1074 saecula
1838 1053 1932 1074 00011-

305 1114 381 1151 pata
398 1109 562 1150 Byzantiis
579 1118 691 1150 parere
708 1117 869 1147 nunquam
887 1106 1056 1137 recusavit.
1097 1105 1160 1136 Sed
1178 1104 1289 1141 Mauri,
1318 1104 1372 1143 qui
1388 1103 1602 1144 asperioribus
1626 1103 1764 1134 maxime
1788 1107 1819 1134 et
1841 1113 1932 1134 mon-

305 1170 389 1201 tanis
412 1169 491 1200 locis
514 1168 638 1200 medias
663 1178 719 1208 per
741 1166 922 1208 provincias
946 1165 1081 1206 dispersi
1106 1165 1311 1196 habitabant.
1346 1164 1431 1195 110110
1458 1163 1626 1202 ingruente
1650 1172 1711 1193 non
1736 1163 1836 1194 semel
1860 1173 1930 1194 01110

306 1229 451 1261 barbaris
468 1229 600 1259 limitem
616 1226 825 1267 transgressis
841 1235 935 1266 agros
953 1224 1139 1265 depopulati
1156 1234 1238 1255 esse.
1262 1223 1379 1254 milites
1395 1222 1521 1253 insidiis
1537 1226 1722 1262 temptasse.
1743 1222 1818 1262 quin
1835 1223 1930 1254 etiam

307 1289 375 1320 acie
398 1289 553 1320 instructa
578 1297 648 1318 011111
672 1286 837 1327 Byzantiis
862 1284 1042 1316 conflixisse
1067 1284 1225 1315 videntur.
1262 1283 1333 1313 Non
1356 1282 1450 1313 modo
1466 1282 1549 1313 ultra
1565 1282 1707 1319 limitem,
1737 1282 1794 1313 sed
1818 1283 1932 1314 mediis

307 1350 340 1380 in
364 1348 596 1389 provinciarum
620 1346 736 1377 tinibus
767 1346 875 1376 hostes
898 1345 970 1375 illos
995 1344 1088 1375 sedes
1112 1343 1281 1380 habuisse,
1317 1342 1504 1381 quibuscum
1529 1341 1616 1372 vario
1639 1342 1739 1372 Marte
1764 1342 1932 1374 Iustiniani

309 1408 467 1440 exercitus
492 1416 588 1448 saepe
613 1416 702 1437 arma
726 1405 934 1443 contulerint,
968 1414 1037 1435 01101
1062 1403 1134 1434 aliis
1158 1413 1174 1434 e
1198 1401 1388 1434 testimoniis
1412 1401 1638 1441 comperimus,
1672 1404 1738 1432 tum
1762 1411 1778 1432 e
1803 1402 1931 1443 Corippi

310 1469 378 1499 1000
402 1478 449 1505 eo,
477 1466 518 1498 ad
541 1476 634 1507 quem
658 1464 884 1506 explicandum
908 1464 972 1495 iam
994 1466 1134 1494 transeo.

396 1527 587 1568 Populornm
612 1525 822 1556 Mauricorum
846 1523 985 1563 nomina7
1013 1522 1118 1561 sedes.
1145 1531 1249 1553 mores
1273 1520 1441 1561 indaganti
1464 1520 1571 1551 nescio
1594 1531 1635 1551 an
1659 1521 1766 1552 nullus
1789 1525 1932 1552 veterum

310 1588 398 1618 locus
422 1586 521 1627 pluris
546 1584 713 1616 faciendus
742 1584 783 1615 sit
805 1583 895 1614 initio
926 1583 998 1613 libri
1030 1581 1160 1613 secundi
1196 1582 1236 1612 <H
1261 1582 1418 1611 28—1151‘
1446 1580 1657 1619 1011111111ἰε1057
1693 1590 1753 1621 quo
1777 1581 1933 1622 Corippus

311 1650 423 1687 gentes
447 1646 584 1677 rebelles
609 1645 813 1683 recensetffl).
861 1643 974 1682 Neque
1005 1642 1087 1673 enim
1119 1641 1279 1672 nominum
1310 1650 1384 1671 casu
1410 1640 1546 1680 quodam
1572 1643 1790 1680 congestorum
1820 1640 1935 1672 mixto—

314 1716 444 1745 rumque
477 1704 671 1745 farraginem
702 1702 853 1736 effundit.
889 1702 946 1733 sed
975 1702 1028 1732 via
1059 1705 1152 1741 atque
1183 1700 1292 1731 ordine
1324 1703 1407 1731 certo
1430 1700 1606 1740 procedens
1629 1703 1741 1739 gentes
1764 1700 1931 1740 affinitate,

313 1766 459 1797 sedibus.
494 1764 634 1795 moribus
665 1763 746 1794 inter
769 1772 802 1793 se
826 1762 951 1793 iunctas
982 1760 1216 1801 complectitur,
1252 1760 1396 1791 diversas
1420 1763 1558 1800 separat.
1606 1760 1654 1790 Ne
1679 1760 1779 1791 obiter
1807 1760 1935 1800 quidem

314 1835 425 1856 versus
456 1825 530 1855 illos
554 1823 774 1864 inspicientem
799 1822 898 1852 latere
922 1830 1015 1861 posse
1038 1820 1186 1853 arbitror,
1221 1820 1252 1850 111
1282 1823 1346 1850 tres
1375 1823 1480 1860 partes
1512 1829 1530 1850 a
1561 1823 1653 1860 po'e'ta
1683 1823 1795 1859 gentes
1827 1830 1936 1851 omnes

315 1885 428 1916 dividi.
478 1884 610 1914 Duobus
635 1882 718 1914 enim
743 1881 832 1912 locis.
860 1884 930 1921 post
953 1890 1079 1911 versum
1103 1881 1142 1910 84
1168 1883 1198 1910 et
1220 1882 1291 1920 post
1314 1888 1439 1910 versum
1468 1880 1536 1911 137.
1571 1879 1669 1910 oratio
1698 1880 1743 1910 ita
1773 1879 1932 1918 inciditur.

314 1949 347 1976 ut
370 1944 411 1975 ad
435 1944 532 1975 aliam
556 1947 710 1974 terrarum
734 1941 944 1971 Mauriearum
969 1943 1090 1980 partem
1121 1939 1255 1970 transire
1280 1939 1435 1979 Corippus
1466 1938 1620 1969 videatur.
1669 1939 1736 1969 Iam
1767 1949 1841 1970 vero
1872 1939 1937 1970 sin—

314 2005 391 2045 gula
414 2014 570 2044 quaeque⁷
598 2002 628 2033 in
646 2004 797 2041 quantum
815 2010 995 2041 possumus.
1023 1999 1242 2040 perquirentes
1258 1999 1351 2029 facile
1368 1998 1592 2037 intellegemus
1612 1999 1746 2038 primum
1763 1999 1793 2029 II
1811 2000 1936 2029 28-84

404 2150 442 2178 10)
466 2150 563 2178 Procop.
586 2150 616 2171 de
636 2149 710 2171 aedit.
734 2148 768 2169 Vl
789 2148 803 2170 6
828 2145 893 2170 κατὰ
919 2145 945 2170 δὲ
970 2145 1015 2178 τὴν
1043 2144 1174 2178 μεσόγειαν
1200 2144 1225 2172 ἐς
1249 2147 1294 2177 τῆς
1318 2145 1404 2178 χώρας
1423 2143 1453 2168 τὰ
1473 2143 1581 2178 ἔσχατα,
1608 2142 1649 2168 ἵνα
1668 2143 1698 2176 ὀὴ
1719 2143 1797 2176 αὐτὴν
1818 2143 1939 2177 βάρβαροι

316 2194 476 2225 προσοικοῦσι
496 2189 664 2224 Μαυρούσιοι,
687 2188 877 2223 ἐπιτειχίσματα
895 2185 953 2212 κατ’
976 2187 1057 2212 αὐτῶν
1078 2186 1213 2220 πεποίηται
1233 2187 1408 2215 δυνατώτατα,
1431 2186 1455 2216 ἐξ
1475 2187 1508 2211 ὦη
1529 2186 1558 2219 ὖή
1580 2186 1663 2211 οὐκέτι
1682 2185 1731 2211 οἷοι
1750 2186 1776 2211 τὲ
1795 2186 1841 2211 εἱσι
1859 2196 1939 2211 κατα-

318 2235 371 2259 ilar-1
391 2234 436 2267 τὴν
454 2230 590 2266 Ῥωμαίων
603 2232 701 2266 ἀρχὴν.
740 2231 825 2258 πόλεις
850 2239 875 2255 τε
901 2230 947 2263 γὰρ
966 2230 1010 2258 τὰς
1031 2229 1140 2255 ἐνταῦθα
1160 2228 1235 2257 οὔσας
1256 2229 1281 2253 ἐν
1302 2229 1406 2264 ἐσχατιᾷ
1426 2232 1471 2262 τῆς
1490 2230 1576 2264 χώρας
1596 2229 1690 2263 ἑκάστῃ
1709 2228 1816 2263 τείχεσιν
1836 2229 1939 2264 ἐχυροῖς

315 2277 377 2311 ἄγαν
398 2276 552 2309 περιβαλὼν,
580 2274 620 2302 αἷς
645 2275 669 2299 αἱ
695 2274 859 2307 προσηγορίαι
879 2272 996 2307 Many-733
1014 2281 1040 2297 τε
1059 2272 1101 2297 καὶ
1120 2271 1249 2305 Τελεπτή,
1280 2270 1437 2301 Κούλουλις,
1464 2272 1506 2296 καὶ
1526 2271 1644 2305 φρούριον
1662 2271 1849 2306 τειχισάμενος,
1877 2271 1939 2305 ὅπερ

314 2315 435 2344 milo-351⁴)
455 2319 478 2343 oi
499 2318 615 2353 ἐγχώριοι
636 2315 777 2350 Αὐμετέρνι,
799 2316 934 2350 ejvs-(0003
956 2315 1065 2340 ἐνταῦθα
1084 2315 1210 2349 φρουροὺς
1231 2319 1388 2348 erpa-rimulis
1407 2315 1587 2348 κατεστήσατο.

406 2362 443 2391 ll)
468 2363 533 2384 Proc.
556 2362 579 2384 b.
603 2361 680 2384 Vand.
703 2361 725 2382 11
747 2360 779 2383 20
800 2362 841 2382 tin.

406 2404 442 2433 1⁶2)
467 2405 522 2426 Loci
542 2405 618 2426 totius
638 2404 769 2432 partitione
790 2406 814 2425 et
833 2410 928 2425 conexu
949 2409 1034 2431 parum
1054 2402 1192 2431 perspectis
1213 2402 1318 2431 primum
1332 2401 1539 2423 Mazzucchellius
1559 2402 1583 2423 in
1599 2401 1713 2423 editionis
1727 2401 1939 2428 adnotationibus,

317 2448 408 2471 deinde
428 2447 514 2470 Comes
533 2446 587 2469 Car.
610 2446 662 2469 Oct.
685 2446 830 2471 Castiglioni
851 2445 968 2468 Δ1161110110
988 2445 1171 2474 ἕέοὲ111111111100
1191 2447 1215 2466 et
1236 2445 1431 2473 numismatique
1451 2451 1492 2466 sur
1511 2444 1535 2465 la
1555 2443 1634 2472 partie
1653 2443 1771 2465 orientale
1792 2443 1821 2466 de
1841 2444 1863 2465 13
1884 2444 1941 2466 Β31-

319 2492 385 2513 bai-ie
405 2490 469 2512 snivi
491 2490 520 2511 de
541 2489 683 2511 recherches
703 2495 744 2510 sur
765 2489 800 2510 ies
816 2488 918 2510 Berbers
934 2488 1094 2516 Atlantiques
1114 2487 1191 2509 Milan
1210 2486 1272 2509 1⁵26
1292 2486 1451 2516 11.91-1”20
1470 2493 1557 2508 versus
1578 2486 1708 2508 nonnullos
1728 2486 1763 2508 ita
1782 2487 1941 2515 interpretari

318 2533 486 2559 conabantur,
515 2535 541 2553 ut
562 2532 667 2553 locorum
687 2531 751 2553 situs
770 2531 914 2559 gentiumve
934 2530 1020 2553 sedum
1041 2537 1127 2559 parum
1147 2530 1250 2554 curlosi,
1275 2530 1401 2551 nominum
1421 2528 1597 2551 similitudines
1618 2528 1680 2550 solas
1699 2531 1843 2558 captantes,
1871 2528 1941 2557 quid-

319 2576 379 2605 quid
399 2574 566 2603 cogitantibus
584 2575 609 2596 in
630 2576 738 2595 mentem
760 2574 892 2596 inciderat.
922 2574 948 2595 iu
968 2572 1077 2594 medium
1097 2573 1242 2601 proferrent.
1282 2571 1359 2599 Quam
1379 2571 1521 2600 explicandi
1541 2571 1659 2593 rationem
1679 2570 1791 2599 quamvis
1811 2570 1858 2593 iam
1878 2577 1942 2593 anno

323 2618 385 2641 1874
407 2617 610 2646 improbaverim.
637 2623 684 2645 quo
709 2619 788 2638 totum
809 2616 887 2638 10011111
908 2616 1011 2644 eiusque
1032 2615 1179 2637 divisionem
1201 2615 1226 2636 in
1247 2614 1351 2636 Hermae
1372 2614 1497 2636 volumine
1517 2619 1579 2635 nono
1603 2613 1723 2641 (Beitriige
1743 2620 1786 2635 zur
1807 2613 1943 2643 Erkliirung

320 2661 371 2683 und
392 2660 472 2682 Kritik
492 2659 534 2681 der
555 2658 670 2681 Iohannis
690 2658 732 2680 des
753 2658 876 2688 Corippns
896 2665 920 2687 p.
943 2658 991 2681 293
1007 2665 1043 2686 sq.
1082 2658 1206 2680 illustrare
1232 2657 1332 2684 studui,
1361 2659 1442 2679 tamen
1469 2656 1617 2685 quibusdam
1643 2656 1668 2677 in
1693 2656 1765 2678 rebus
1790 2659 1849 2678 tuno
1874 2656 1942 2678 modo

322 2702 509 2726 Mazzuccbellii
535 2701 683 2724 lectionibus
703 2702 825 2729 perversis
845 2701 913 2722 modo
935 2708 987 2722 mea
1007 2700 1108 2722 audacia
1129 2701 1153 2722 in
1174 2706 1266 2722 errores
1286 2700 1402 2721 inductus
1422 2705 1485 2721 sum.
1524 2698 1559 2720 Ne
1579 2698 1652 2720 nimis
1671 2698 1731 2721 haec
1750 2698 1885 2728 disputatio
1903 2699 1943 2720 in-

320 2747 450 2771 cresceret,
473 2750 517 2767 nee
538 2750 602 2765 meos
622 2743 676 2765 illos
696 2750 776 2771 neque
797 2744 903 2765 aliorum
924 2733 1087 2772 interpretum
1108 2743 1190 2772 lapsus
1210 2748 1275 2764 nunc
1295 2741 1435 2769 memoravi,
1458 2741 1499 2763 sed
1520 2741 1661 2769 ubicunque
1681 2747 1717 2763 res
1732 2744 1828 2770 peracta
1841 2748 1867 2763 30
1881 2741 1944 2764 bene

321 2788 430 2811 stabilita
449 2787 510 2809 mihi
531 2786 667 2814 videbatur,
691 2786 921 2814 interpretationem
942 2792 1021 2807 veram
1042 2785 1174 2814 protulisse
1195 2785 1255 2807 satis
1275 2784 1357 2806 habui.
