2034 3108
780 178 1008 205 PROOEMIVM.
1638 182 1696 212 XV

174 288 352 318 Postremos
375 288 554 318 Maurorum
579 288 732 327 omnium,
768 289 952 329 quibuscum
981 290 1013 321 in
1037 290 1172 330 Byzacio
1196 291 1328 321 Iohanni
1352 293 1594 323 concertandum
1619 298 1695 329 erat.

90 347 244 388 Corippus
267 357 297 377 v.
328 348 385 377 156
409 347 574 378 Vadenses
597 352 764 379 memorat:

446 406 562 446 quique
587 407 684 438 Vadis
708 408 835 448 tepidae
845 410 878 434 ⁵⁵³
908 419 1026 439 messes
1050 410 1098 441 bis
1121 410 1229 441 tondet
1252 410 1283 440 in
1307 421 1388 441 anno

446 458 576 488 Maurus
600 468 704 489 arans.

88 518 257 550 Numidiae
289 517 427 558 episcopi
450 517 616 548 Vadenses
647 517 707 548 duo
738 518 883 549 diversae
913 520 998 550 sedis
1029 520 1061 550 in
1084 520 1204 551 Notitia
1232 521 1461 560 provinciarum
1485 523 1611 555 Africae
1642 535 1699 556 no-

88 579 255 610 minantur.
304 577 442 608 Alterius
466 577 622 608 dioecesis
646 577 700 609 ubi
724 578 818 608 fuerit
840 578 1018 618 ignoratur,
1051 580 1132 610 alter
1163 590 1236 611 vero
1261 590 1331 611 eum
1356 581 1526 613 Numidiae
1550 584 1699 615 meridio-

89 638 170 669 nalis
200 638 302 668 locum
333 637 473 668 tenuisse
504 637 646 671 videtur.
681 637 734 677 qui
762 638 887 668 nomine
917 639 1046 678 antiquo
1076 649 1175 679 usque
1207 640 1248 670 ad
1277 644 1383 671 nostra
1410 646 1551 681 tempora
1574 648 1697 675 servato

87 708 169 729 nune
192 697 290 728 Badis
313 697 553 737 appellum-⁵²¹).
601 697 661 734 Qui
692 697 780 728 vicus
811 698 959 736 quoniam
990 708 1028 729 ea
1059 699 1130 738 ipsa
1159 699 1191 729 in
1223 700 1351 739 regione
1375 701 1453 731 situs
1477 705 1539 734 est.
1575 703 1613 734 de
1637 714 1699 743 qua

89 757 258 798 Corippum
282 756 333 787 hie
356 766 452 796 agere
476 760 613 787 constat.
650 756 701 787 vix
724 757 878 788 audaciae
903 757 1018 789 nimiae
1042 769 1174 798 arguar.
1203 759 1229 789 si
1253 759 1294 790 ad
1318 770 1388 790 eum
1413 761 1604 793 Iohannidos
1628 773 1699 794 ver-

89 827 157 849 sum
181 817 212 847 Π
241 818 296 846 156
320 816 492 847 retulerim.

173 877 281 908 Nune.
309 876 474 916 quoniam.
506 886 585 915 quae
609 876 765 916 Corippus
789 880 819 907 et
843 876 881 907 de
905 877 1074 917 provinciis
1100 878 1321 918 Byzantiorum
1346 879 1504 910 Africanis
1528 885 1557 912 et
1581 882 1620 913 de
1643 893 1700 923 po—

87 937 170 978 pulis
194 935 342 967 Maurieis
366 935 475 973 tradit,
510 939 661 975 quantum
684 936 751 966 fieri
775 937 891 976 potuit.
927 937 1058 967 aliorum
1084 938 1269 978 scriptorum
1294 939 1370 969 locis
1395 940 1535 971 collectis
1558 941 1699 973 illustra—

87 997 199 1033 vimus.
227 996 269 1027 ad
291 996 419 1027 brevem
443 1005 546 1026 rerum
570 995 602 1026 in
618 995 726 1026 Africa
748 999 919 1036 gestarum.
947 1007 1028 1036 quae
1045 997 1221 1028 Iohannide
1238 1003 1459 1033 memorantur,
1487 1001 1696 1033 narrationem

87 1056 290 1096 aeeingamur
299 1057 332 1093 ⁶⁰)
344 1080 349 1086 .

172 1115 385 1147 Vandalorum
408 1125 484 1155 opes
509 1124 578 1145 eum
602 1125 631 1146 a.
659 1126 691 1155 p.
718 1115 790 1146 Chr.
818 1126 848 1146 11.
876 1117 936 1146 533
961 1117 1166 1149 corruissent.
1203 1118 1311 1149 (1666111
1336 1129 1391 1159 per
1414 1130 1512 1150 annos
1537 1121 1647 1161 plenos
1659 1123 1693 1160 ¹⁵¹)

87 1176 212 1207 Solomo
248 1186 285 1213 ia.
314 1176 491 1206 534—536.
527 1176 704 1213 5:39-543)
742 1178 772 1206 et
802 1174 980 1207 Germanus
1016 1186 1055 1215 [a.
1082 1179 1259 1217 5:57—539)
1295 1178 1388 1209 rebus
1419 1190 1566 1220 prospere
1599 1181 1696 1220 gestis

86 1236 225 1267 Africam
250 1235 421 1267 dioecesim
445 1245 464 1265 a
487 1235 667 1265 Maurorum
689 1235 921 1266 incursionibus
945 1235 1165 1268 defenderunt.
1207 1237 1333 1277 laudas.
1361 1239 1488 1270 Aurasii
1512 1241 1625 1271 montis
1649 1251 1699 1272 16-

85 1296 189 1336 gulus.
217 1296 270 1335 qui
294 1295 379 1326 solus
402 1294 575 1325 latrociniis
591 1294 774 1325 Numidiam
798 1295 991 1335 provinciam
1015 1296 1172 1328 lacessere
1196 1307 1293 1328 ausus
1316 1302 1393 1336 erat⁷
1421 1298 1504 1330 feliei
1522 1300 1698 1331 Solomonis

86 1355 289 1396 expeditione
312 1365 341 1386 a.
369 1356 429 1385 539
461 1364 630 1395 oppressus
660 1354 776 1385 exinde
806 1364 915 1395 pacem
940 1355 1138 1393 se1·vavit‘÷2).
1188 1357 1235 1387 Ne
1260 1358 1379 1389 Stutias
1402 1359 1531 1398 quidem
1554 1360 1694 1395 rebellis,

86 1415 139 1455 qui
167 1416 373 1456 perfugarum
403 1415 612 1445 Romanorum
645 1414 708 1445 dux
739 1414 866 1445 Africae
898 1414 1143 1446 dominationem
1174 1417 1345 1457 appetebat
1355 1419 1409 1450 ¹5³3i.
1447 1419 1593 1450 diuturno
1623 1424 1697 1451 tune

85 1475 220 1506 tumultu
250 1485 360 1515 paoem
388 1474 569 1515 provinciae
600 1474 746 1505 turbavit.
796 1474 822 1504 A
846 1474 1000 1505 Belisario
1031 1475 1113 1506 enim
1147 1486 1176 1506 a.
1204 1478 1263 1507 536
1288 1477 1329 1508 ad
1352 1477 1644 1519 11161111116551111164))7
1678 1490 1697 1511 a

173 1646 213 1677 58)
235 1647 407 1670 Trivultianus
433 1647 507 1669 codex
537 1646 645 1676 *tepide*
671 1647 780 1668 exhibet.
820 1647 914 1669 Bekker
944 1647 1051 1676 ·tepid0‘
1076 1649 1188 1678 scripsit,
1217 1656 1287 1678 quam
1311 1651 1474 1673 coniecturam
1494 1658 1537 1679 ego
1556 1653 1580 1674 in
1601 1655 1698 1675 textum

86 1691 176 1720 recepi.
217 1690 262 1713 Sed
282 1691 335 1713 iure
354 1691 445 1719 optimo
457 1690 599 1712 Theodorus
613 1689 779 1712 Mommsenus
800 1693 881 1711 monet
900 1697 996 1712 versum
1017 1691 1136 1713 medicina
1156 1699 1311 1721 nequaquam
1330 1699 1409 1721 egere,
1432 1694 1560 1716 dummodo
1582 1694 1696 1725 ‘tepidae'

88 1733 216 1755 scribatur.

171 1776 210 1799 59»
233 1776 308 1804 Ragot
329 1776 361 1797 Le
381 1776 470 1797 Sahara
489 1776 518 1797 116
541 1776 563 1797 la
583 1776 697 1805 province
716 1775 745 1797 de
765 1774 936 1798 Constantine.
978 1776 1078 1798 Recueil
1098 1776 1139 1799 des
1160 1778 1253 1799 notu-es
1280 1781 1304 1800 et
1324 1779 1453 1801 me'moires
1472 1780 1501 1801 de
1522 1781 1543 1802 la
1563 1786 1608 1803 soc.
1631 1781 1695 1804 arch.

86 1819 116 1841 de
135 1819 157 1841 la
176 1825 241 1847 prOV.
263 1818 292 1841 de
313 1818 396 1841 Const.
420 1818 475 1840 XVI
498 1816 561 1840 1874
582 1825 604 1847 p.
627 1817 675 1840 294
700 1818 845 1846 scriptorum
871 1821 981 1840 veterum
1007 1822 1031 1841 et
1051 1819 1158 1841 Arabum
1185 1820 1215 1841 de
1241 1821 1292 1842 vico
1312 1821 1384 1843 Badis
1407 1822 1469 1844 locos
1489 1823 1593 1851 collegit.
1633 1823 1695 1847 Ptol.

85 1861 121 1884 IV
140 1861 163 1887 6,
186 1860 217 1883 32
238 1858 344 1884 Βαόιάθ.
385 1860 443 1884 Tab.
465 1860 535 1883 Peut.
558 1860 593 1882 ΙΙΙ
615 1860 632 1882 F
653 1860 747 1882 Badias.
787 1861 841 1883 Not.
864 1861 941 1889 Dign.
962 1860 1018 1884 Oce.
1041 1861 1113 1883 XXV
1138 1864 1292 1892 praepositus
1311 1863 1398 1886 limitis
1418 1864 1533 1887 Bazensis
1562 1867 1587 1893 (ι’,
1608 1873 1628 1889 e.
1650 1866 1696 1889 Ba-

85 1904 197 1932 diensis).
238 1903 352 1933 Cyprian.
375 1903 412 1925 ed.
435 1903 519 1925 Hartel
539 1903 548 1925 1
568 1911 592 1932 p.
614 1903 662 1925 443
682 1903 738 1925 libri
758 1904 921 1933 manuscripti
942 1904 1053 1926 nonnulli
1076 1905 1198 1927 ‘Dativns
1221 1905 1365 1935 (episcopus)
1389 1914 1401 1929 a
1421 1908 1518 1934 Vadis',
1546 1908 1585 1930 alii
1609 1912 1633 1931 ‘a
1652 1909 1697 1932 Ba-

85 1946 135 1969 dis·
156 1947 283 1969 exhibent.

173 1998 213 2027 60)
235 1998 341 2021 Rerum.
369 2004 428 2026 quas
448 1997 568 2027 Corippus
588 1997 723 2019 lohannide
749 1997 847 2025 retulit.
876 1998 1039 2020 narrationem
1059 2002 1209 2028 accuratam,
1237 2000 1400 2027 succinctam,
1427 2001 1565 2030 elegantem
1585 2003 1696 2025 invenies

85 2040 151 2070 apud
170 2040 283 2063 Fournel.
307 2042 354 2062 Les
374 2040 478 2062 Berbers
497 2040 506 2062 1
526 2047 550 2068 p.
573 2039 690 2062 {vs—104
710 2040 778 2062 Paris
801 2040 870 2063 1575.
911 2041 948 2062 De
967 2041 1083 2070 opusculo
1103 2042 1162 2070 alio,
1191 2043 1263 2064 cuius
1282 2042 1345 2065 locos
1365 2051 1452 2073 paucos
1472 2045 1496 2066 in
1517 2048 1585 2067 notas
1604 2046 1694 2074 recepi,

85 2083 224 2111 legentibus
244 2083 363 2105 iudicium
384 2082 502 2112 relinquo.
534 2083 679 2104 Ins->ribitur
700 2082 815 2105 Tauxier.
840 2083 923 2105 Notice
944 2090 985 2105 snr
1004 2083 1108 2113 Corippe
1128 2088 1151 2106 et
1172 2092 1212 2107 sur
1232 2085 1253 2107 la
1273 2086 1408 2109 Iohannide
1422 2087 1481 2109 Rev.
1498 2088 1550 2109 Ai'r⁴
1569 2088 1615 2110 XX
1632 2088 1695 2111 1376

84 2133 107 2155 p.
130 2125 272 2149 289—299.

169 2176 207 2200 61¹
231 2177 286 2201 Cor.
308 2177 358 2200 Ioh.
382 2177 417 2199 111
437 2176 485 2199 289
505 2177 594 2199 florens
614 2176 673 2198 haec
693 2177 780 2205 gaudia
799 2178 877 2199 sensit

494 2223 575 2242 nostra
594 2220 677 2241 decem
698 2219 773 2242 tellus
793 2220 878 2248 plenos
898 2220 981 2242 laxata
1000 2227 1044 2250 per
1062 2227 1137 2243 annos

168 2270 208 2299 62)
232 2271 284 2294 Cor.
309 2270 473 2294 1011.1113o·2
493 2277 563 2300 asper
583 2275 607 2292 et
626 2270 667 2292 ille
688 2271 762 2293 semel
781 2271 873 2293 bellum
894 2273 1025 2300 temptavit
1044 2272 1131 2294 laudas

492 2316 516 2335 et
535 2313 607 2341 tulit,
630 2317 686 2335 ante
706 2316 788 2336 tamen
808 2320 905 2343 campos
925 2321 997 2343 quam
1018 2315 1079 2336 vidit
1097 2318 1208 2344 apertos,

493 2359 518 2378 et
536 2356 625 2378 mediis
645 2357 748 2378 tremuit
767 2356 886 2379 Romanos
907 2364 1003 2379 currere
1024 2357 1102 2380 silvis.

84 2399 230 2421 Accuratius
249 2399 341 2421 bellum
360 2399 534 2421 Aurasitanum
555 2398 685 2428 Procopius
704 2399 727 2421 b.
749 2399 827 2421 Vand.
852 2399 873 2421 11
896 2399 934 2422 19.
957 2398 987 2422 20
1007 2399 1146 2429 descripsit.

170 2449 210 2480 63)
233 2449 330 2477 Causas,
353 2451 444 2479 quibus
465 2450 561 2473 Stutiae
580 2451 668 2473 seditio
687 2452 744 2473 nata
763 2451 795 2472 sit
814 2451 977 2480 celeriterque
996 2451 1135 2479 increverit.
1158 2451 1290 2480 Procopius
1309 2452 1332 2474 b.
1354 2452 1435 2475 Vand.
1457 2453 1481 2475 II
1502 2452 1532 2475 14
1552 2455 1675 2482 exposuit.

170 2502 209 2528 64¹.
232 2501 286 2524 Cor.
307 2501 468 2524 loh.111311
490 2502 557 2524 hunc
579 2501 704 2531 (Stutiam)
727 2502 876 2525 Membressa
896 2503 948 2525 suis
968 2503 1031 2525 vidit
1050 2509 1192 2525 concurrere
1212 2503 1319 2532 campis,

492 2544 557 2567 hunc
575 2545 660 2567 eadem
679 2545 782 2574 petiisse
801 2545 898 2573 fugam,
921 2552 974 2567 cum
995 2545 1118 2567 maximus
1137 2546 1219 2568 hostes

492 2587 599 2610 fudisset
619 2587 718 2610 modicis
737 2588 812 2610 victor
831 2588 968 2610 Belisarius
987 2588 1068 2611 armis.

83 2637 105 2652 V.
128 2628 176 2652 313
200 2636 243 2659 pro
267 2630 336 2652 inani
361 2629 450 2652 codicis
474 2630 580 2653 lectione
609 2630 720 2653 ‘mediis'
745 2630 912 2653 Mommsenus
941 2628 1068 2653 ‘modicis'
1092 2631 1212 2654 restituit.
1254 2631 1354 2653 Duobus
1378 2632 1443 2654 enim
1467 2632 1567 2655 milibus
1586 2632 1691 2655 militum

85 2673 210 2695 victoriam
236 2673 297 2695 hanc
322 2675 458 2702 reportasse
483 2673 628 2695 Belisarium
654 2673 786 2702 Procopius
810 2674 833 2696 b.
856 2673 937 2696 Vand.
959 2674 981 2695 11
1004 2672 1033 2695 15
1058 2676 1173 2696 testatur.
1219 2673 1333 2696 Ceterum
1359 2674 1531 2697 Membressam
1556 2676 1641 2697 urbem
1666 2676 1692 2697 in

85 2715 207 2743 Bagradae
231 2716 283 2744 ripa
308 2716 410 2744 positam
431 2723 462 2738 m.
484 2723 507 2745 p.
530 2716 548 2738 L
575 2723 587 2737 a
605 2716 753 2744 Carthagine
776 2716 868 2738 afuisse
894 2716 957 2738 idern
978 2716 1107 2745 Procopius
1133 2717 1215 2739 tradit.
1256 2716 1301 2739 Cui
1321 2724 1376 2739 curn
1396 2721 1420 2739 et
1439 2718 1594 2740 Itinerarium
1615 2719 1692 2740 Anto-

84 2758 138 2781 nini
157 2764 182 2787 p.
203 2757 243 2785 45.
267 2758 331 2781 2—5
351 2759 388 2781 W.
411 2761 435 2781 et
454 2758 512 2781 Tab.
534 2758 605 2781 Peut.
628 2759 810 2785 assentiantur,
832 2759 875 2781 ubi
896 2758 1047 2781 Membressa
1066 2759 1112 2781 sita
1132 2760 1219 2787 suerit⁷
1241 2759 1349 2782 dubitari
1368 2761 1462 2789 nequit.
1503 2760 1630 2789 Reliquiae
1649 2767 1692 2789 op-

84 2801 134 2830 pidi
154 2807 218 2822 nunc
238 2800 334 2828 MedJez
354 2801 376 2823 el
396 2801 445 2823 Bab
465 2804 590 2824 vocantur.
629 2801 722 2824 Gudrin
743 2801 841 2829 voyage
860 2801 926 2824 arch.
949 2801 1009 2823 dans
1028 2801 1050 2823 la
1069 2801 1171 2829 regenee
1191 2802 1220 2824 de
1240 2802 1317 2824 Tunis
1337 2802 1359 2824 11
1380 2810 1403 2832 p.
1428 2801 1568 2825 172—176.
