2034 3108
778 162 1004 189 PROOEMIUM.
1644 163 1705 194 VII

78 285 201 315 negans
225 274 419 306 Iustinianus
444 273 632 313 Geilamiro,
660 273 714 312 qui
738 273 826 314 pacis
851 273 1050 304 condiciones
1074 283 1183 304 omnes
1207 273 1374 306 reiecerat.
1402 273 1521 304 bellum
1545 272 1652 304 intulit
1663 275 1698 310 ⁴>-

78 333 293 365 Vandalorum
318 333 457 364 exercitu
489 332 611 364 duobus
635 332 764 373 proeliis
793 333 891 365 vieto.
925 343 1000 373 rege
1030 333 1099 373 ipso
1123 332 1297 363 Geilamiro
1330 337 1420 373 capto
1444 336 1542 364 totum
1567 343 1699 373 regnum

78 393 289 424 Vandalicum
314 393 358 424 ita
381 392 513 433 imperio
530 392 685 433 Byzantio
708 392 834 429 adiecit,
862 395 896 422 ut
919 392 1103 423 dioeceseos
1127 392 1158 422 in
1182 392 1315 423 formam
1335 392 1498 423 redactum
1522 392 1554 423 in
1579 396 1699 433 septem

76 452 256 494 provincias
280 452 452 483 divideret:
481 451 701 491 Zeugitanam,
731 451 1039 491 Carthaginiensem.
1068 452 1279 492 Byzacenam,
1308 451 1558 492 Tripolitanam,
1587 452 1700 482 Numi—

78 512 174 551 diam,
202 511 445 549 Mauretaniam,
473 510 664 541 Sardiniam.
705 510 870 541 Praefecto
893 511 1052 551 praetorio
1076 511 1214 543 Africae.
1242 511 1295 550 (1111
1318 514 1415 542 totam
1440 510 1610 542 dioecesim
1642 511 1701 542 ad-

77 571 292 610 ministrabat,
331 573 362 601 et
396 570 596 608 consulares,
635 570 688 609 qui
723 573 887 609 quattuor,
926 581 1005 610 quas
1036 570 1156 611 priores
1187 570 1364 609 nominavi,
1403 570 1572 610 provinciis
1608 581 1701 611 prae-

76 631 220 662 fuerunt.
259 633 290 662 et
323 633 498 661 ceterarum
532 629 626 660 trium
661 629 826 670 praesides
862 630 1024 670 parebant.
1081 631 1230 661 Armatae
1262 629 1414 663 militiae,
1452 640 1533 669 quae
1568 630 1646 661 fines
1681 641 1700 662 a

76 691 255 721 Maurorum
279 689 510 720 incursionibus
538 688 745 720 defendebat.
780 689 1012 729 provinciarum
1044 689 1242 729 singularum
1273 689 1364 720 limiti
1395 689 1609 720 adiacentium
1642 690 1701 721 du—

76 759 129 781 ces
160 749 374 790 praefuerunt.
430 748 475 779 Ac
505 748 617 779 ducem
648 748 775 788 quidem
808 748 1025 789 Tripolitanae
1056 748 1237 789 provinciae
1268 748 1300 779 111
1332 748 1592 789 Leptimagnensi
1623 749 1701 780 civi-

74 812 157 847 tate,
196 809 384 849 Byzacenae
415 808 540 849 Capsae
576 811 606 839 et
639 808 671 838 in
705 808 807 839 altera
842 808 957 848 Lepte.
995 808 1166 839 Numidiae
1202 808 1445 840 Constantinae.
1484 809 1700 841 Mauretaniae

77 869 255 900 Caesareae
290 868 413 899 interim
450 867 543 898 sedes
578 867 695 899 habere
726 867 897 908 imperator
926 867 1065 906 iussitssj.
1114 868 1302 908 Byzacenae
1326 868 1507 908 provinciae
1543 868 1615 899 duci
1649 879 1700 900 se-

76 927 134 959 des
165 927 246 958 duas
277 927 499 968 imperatorem
530 927 676 958 dedisse.
716 927 849 958 alteram
879 927 1094 958 limitaneam.
1133 927 1323 958 maritimam
1354 928 1487 959 alteram
1519 929 1699 968 provinciae

76 987 170 1018 huius
191 986 411 1027 magnitudine
429 986 554 1026 situque
570 987 736 1027 perpensis
753 996 814 1017 non
839 990 887 1017 est
909 986 994 1026 quod
1017 986 1177 1017 miremur.
1211 987 1276 1017 Sed
1293 987 1416 1027 Leptim
1434 987 1596 1025 minorem,
1617 989 1703 1028 quod

77 1046 264 1087 oppidulum
289 1050 320 1077 et
342 1050 456 1077 natura
480 1056 590 1086 parulu
622 1046 776 1076 munitum
809 1049 840 1077 ct
869 1045 992 1077 difficili
1021 1046 1248 1086 navigantibus
1278 1047 1367 1078 aditu
1399 1047 1498 1078 fuisse
1529 1050 1698 1080 constatss.

79 1106 194 1137 ceteris
223 1105 350 1147 oppidis
381 1105 550 1136 maritimis
581 1105 771 1146 praetulisse
795 1105 1007 1136 Iustinianum
1039 1106 1127 1137 brevi
1158 1110 1229 1146 post
1259 1106 1426 1146 paenituit.
1475 1107 1586 1147 Neque
1618 1108 1701 1138 0111111

76 1165 217 1197 dubitari
241 1169 355 1206 potest,
384 1165 460 1204 quin
484 1164 573 1195 ducis
597 1165 758 1205 Byzaceni
782 1164 876 1196 sedes
899 1165 932 1196 in
957 1166 1065 1196 urbem
1090 1166 1272 1206 provinciae
1297 1167 1608 1207 splendidissimam,
1635 1168 1703 1198 Ha-

79 1225 268 1264 drumetum,
296 1225 451 1256 translata
472 1224 521 1256 sit.
549 1234 631 1263 quae
655 1225 784 1264 egregie
815 1235 834 1255 a
850 1225 1026 1256 Iustiniano
1050 1225 1171 1256 munita
1196 1226 1263 1256 eius
1288 1226 1319 1256 in
1343 1226 1492 1257 honorem
1508 1227 1703 1258 Iustiniano—

77 1285 159 1325 polis
184 1285 349 1325 appellata
373 1286 468 1319 esti.
516 1283 705 1315 Hadrumeti
730 1294 812 1315 anno
838 1287 897 1315 545
922 1285 1098 1316 Himerium
1123 1285 1254 1325 Byzacii
1279 1286 1390 1317 ducem
1419 1284 1477 1325 grav
1501 1285 1617 1317 πάντων
1643 1283 1702 1328 ἄρ-

77 1356 171 1386 χοντα
194 1347 252 1375 τῶν
277 1346 307 1375 ἐν
333 1343 475 1385 Βυζακίῳ
501 1344 695 1385 στρατιωτῶν)
731 1344 933 1375 constitutum
966 1354 1036 1375 esse
1060 1344 1233 1385 Procopius
1263 1348 1293 1375 et
1317 1345 1473 1386 Corippus
1497 1350 1654 1377 testantur
1664 1351 1700 1385 *a

80 1403 224 1435 Eandem
257 1404 367 1435 urbem
398 1403 516 1434 milites
539 1413 647 1435 omnes
671 1404 849 1444 Byzaccni,
883 1404 936 1444 qui
960 1403 1151 1435 Guntaritho
1174 1405 1301 1436 Africae
1333 1405 1579 1437 dominationem
1612 1416 1705 1437 usur-

76 1466 173 1503 pante
197 1463 291 1494 fidem
315 1463 498 1504 imperatori
530 1466 752 1501 servaverant.
791 1467 968 1494 tenuerunt.
1014 1464 1185 1495 Etiamtum
1210 1475 1305 1495 unum
1331 1465 1442 1496 ducem
1481 1465 1698 1506 Marcentium)

74 1522 212 1563 Byzacio
236 1523 292 1554 toti
315 1522 495 1563 praefuisse
519 1533 535 1554 0
560 1523 703 1563 Procopii
733 1523 914 1553 narratione
947 1523 1024 1554 satis
1057 1524 1160 1554 elucet
1171 1527 1205 1562 ³¹).
1262 1525 1353 1555 Anno
1384 1528 1490 1556 autem
1520 1525 1700 1565 insequenti

76 1582 208 1622 Byzaeii
232 1582 375 1621 limitem.
405 1582 454 1613 cui
479 1586 510 1613 et
532 1583 572 1613 ab
597 1582 760 1613 occidente
789 1583 855 1613 sole
886 1586 917 1613 et
947 1593 966 1613 a
996 1583 1128 1613 meridie
1153 1583 1259 1614 hostes
1282 1584 1506 1616 imminebant.
1542 1586 1701 1617 Iohannes

75 1642 229 1681 magister
252 1642 386 1673 militum
413 1642 537 1673 duobus
561 1641 693 1672 ducibus
718 1641 959 1672 custodiendum
983 1642 1125 1673 tradidit.
1159 1643 1351 1674 Iohannidos
1376 1644 1458 1674 enim
1477 1645 1519 1675 VI
1544 1646 1583 1675 49
1608 1655 1701 1685 prae-

75 1701 158 1732 sidia
183 1712 239 1742 per
262 1701 444 1742 provincias
469 1701 687 1742 disponentem
712 1701 899 1741 magistrum
924 1701 1002 1732 haec
1026 1701 1182 1733 dicentem
1208 1702 1285 1733 facit
1309 1703 1481 1744 Corippusz

478 1761 609 1801 Byzacii
633 1761 770 1800 geminis
795 1761 929 1791 ducibus
954 1761 993 1792 sit
1016 1761 1154 1792 maxima
1180 1772 1253 1793 cura

479 1812 639 1852 Massylas
663 1812 749 1843 acies
773 1812 841 1843 acie
865 1813 992 1843 turbare
1017 1813 1155 1852 sequaci.

479 1863 625 1894 sollicitis
649 1863 756 1894 tristes
780 1863 898 1903 gladiis
923 1874 1058 1903 urguere
1082 1864 1272 1904 phalanges,

481 1918 511 1945 ct
535 1914 644 1955 procul
668 1925 687 1944 a
710 1914 826 1945 nostris
851 1914 1013 1954 expellere
1038 1915 1152 1945 tinibus
1177 1915 1294 1946 hostes.

76 2019 178 2049 spraclie
198 2019 241 2041 des
255 2018 404 2041 Gothisehen
425 2018 540 2041 wahrend
560 2019 602 2041 der
616 2019 670 2041 Zeit
685 2019 766 2041 seines
782 2019 926 2041 Bestehens.
950 2019 1066 2047 Marburg
1082 2018 1145 2042 lsfliz
1165 2027 1189 2049 p,
1205 2019 1246 2042 414.
1263 2020 1302 2042 53.
1320 2020 1359 2043 (35.
1378 2020 1416 2043 72.
1436 2020 1465 2044 78
1485 2024 1509 2043 et
1523 2021 1599 2044 Maur.
1618 2022 1699 2050 Haupt

77 2061 168 2090 opusc..
185 2061 270 2090 philol.
286 2061 322 2084 111
337 2068 360 2090 p.
378 2061 434 2084 616.

168 2103 190 2131 4.
214 2104 265 2126 lob.
288 2104 322 2126 111
343 2103 478 2127 262—200
498 2105 506 2126 1
528 2103 658 2127 2566—391
681 2104 717 2126 111
742 2103 838 2127 14—22
860 2104 927 2126 Proin
950 2105 971 2126 b.
995 2104 1073 2126 Yand.
1096 2105 1104 2126 l
1126 2104 1149 2127 ss.
1174 2104 1211 2127 10.

165 2146 187 2174 5]
211 2146 269 2169 Cod.
292 2148 354 2169 lust.
375 2146 431 2169 127
452 2147 481 2169 de
500 2147 580 2169 officio
601 2147 718 2176 praefecti
738 2147 861 2176 praetorio
880 2147 979 2169 Africae
999 2150 1023 2169 et
1043 2147 1072 2169 de
1092 2148 1156 2169 omni
1177 2148 1316 2171 dioeceseos
1335 2152 1402 2171 statu
1426 2149 1445 2172 1.
1469 2148 1491 2172 2,
1525 2150 1700 2174 Enuntiatum.

79 2195 128 2218 quo
147 2192 243 2218 septem
267 2190 407 2218 provinciae
427 2190 601 2217 nominantur,
630 2190 665 2212 sic
690 2190 892 2212 constituendum
919 2197 972 2212 esse
993 2191 1108 2212 arbitror:
1140 2194 1250 2219 *septem
1270 2192 1412 2220 provinciae
1431 2199 1484 2214 cnm
1505 2193 1556 2214 suis
1575 2192 1701 2215 indis-ibus

80 2231 258 2261 disponantur,
282 2239 385 2261 quarum
406 2232 483 2260 Zeugi
503 2237 536 2260 ety
558 2239 620 2261 quae
639 2233 821 2262 proconsularis
840 2236 912 2255 antea
932 2233 1070 2257 vocabatur.
1094 2233 1212 2262 Carthago
1231 2237 1256 2256 et
1275 2234 1406 2262 Byzacium
1426 2242 1452 2257 ac
1473 2235 1577 2264 Tripolis
1598 2239 1703 2257 rectores

82 2274 190 2296 habeant
210 2275 364 2303 consulares,
393 2275 501 2304 reliquae
522 2282 577 2297 vero
596 2275 619 2297 id
639 2278 677 2297 est
697 2275 813 2297 Numidia
839 2278 863 2297 et
882 2275 1035 2298 Mauretania
1061 2278 1086 2298 et
1113 2276 1225 2298 sardinia
1250 2284 1263 2298 a
1286 2277 1440 2306 praesidibus
1464 2285 1518 2300 cum
1544 2278 1583 2300 dei
1609 2279 1703 2301 auxilio

79 2316 270 2345 gubernentnr'.
299 2317 453 2346 Quamquam
467 2317 627 2345 Zeugitanam
642 2319 667 2339 et
681 2316 911 2345 Carthaginiensem
932 2318 1083 2346 pterim-iam
1104 2322 1208 2341 secretas
1229 2326 1282 2341 0550
1302 2326 1372 2342 1101110
1393 2326 1441 2342 nou
1461 2321 1598 2344 mirabitur.
1620 2318 1702 2343 tzimen

78 2360 179 2382 lectioni
201 2359 291 2388 ‘Zeugi
309 2362 333 2382 et
350 2359 424 2389 quae*
446 2360 540 2382 codices
553 2366 637 2382 omnes
651 2360 686 2382 ita
699 2360 791 2387 favent,
814 2363 851 2387 ut,
873 2367 932 2382 num
946 2361 1000 2383 iure
1013 2360 1092 2383 editor
1106 2361 1261 2384 doctissimus
1276 2362 1367 2384 Paulus
1381 2363 1522 2391 Krnegerus
1536 2364 1702 2386 coniecturam

80 2402 168 2431 ‘Tingi
188 2405 213 2425 et
232 2403 307 2431 quae*
328 2402 457 2431 receperit,
480 2402 641 2424 vehementer
661 2402 781 2425 dubitem.
821 2402 886 2425 Satis
901 2403 1001 2432 quidem
1016 2406 1112 2426 constat
1133 2404 1199 2432 (eod.
1217 2405 1278 2428 lust.
1295 2406 1304 2427 l
1319 2404 1359 2432 27,
1376 2405 1398 2428 2.
1422 2405 1487 2428 Proc.
1504 2407 1526 2428 b.
1544 2406 1621 2428 Vand.
1639 2406 1661 2428 ll
1677 2406 1698 2433 5>

77 2451 141 2467 anuo
155 2443 203 2467 534
223 2447 278 2474 post
291 2444 416 2467 Geilamiri
437 2445 529 2467 cladem
543 2445 661 2467 Iohannis
681 2446 793 2472 armigeri
815 2445 977 2474 expeditione
997 2446 1124 2468 castellum
1140 2446 1265 2476 Saeptum,
1288 2448 1351 2476 quod
1366 2455 1439 2477 prope
1455 2449 1552 2477 Tingim
1567 2449 1595 2471 ad
1611 2450 1701 2471 fretum

78 2486 226 2509 Gaditanum
241 2487 316 2509 situm
330 2489 388 2515 erat,
412 2495 424 2509 a
438 2487 564 2514 Byzantiis
578 2490 722 2516 occupatum
738 2494 800 2510 esse.
838 2487 899 2509 Cum
915 2491 998 2510 autem
1013 2488 1057 2510 soli
1072 2489 1131 2511 huic
1147 2490 1245 2512 castello
1265 2497 1353 2512 nomen
1376 2491 1530 2520 ‘provinciae
1543 2489 1703 2519 Tingitanae*

78 2530 187 2552 inditum
207 2530 339 2559 virumque
359 2530 512 2552 consularem
527 2530 679 2558 praesertum
693 2536 747 2552 esse
763 2530 860 2552 vredere
875 2537 1005 2559 nequeam.
1027 2532 1166 2560 proviin-iae
1180 2532 1348 2555 Mauretaniae
1362 2533 1423 2555 lianc
1436 2540 1514 2556 arcem
1528 2534 1634 2556 additam
1649 2541 1702 2556 esse

78 2573 198 2602 suspicor.
232 2572 412 2595 Proconsularis
432 2576 514 2594 autem
535 2573 660 2602 provincia
678 2573 704 2594 111
724 2574 862 2602 provincias
881 2573 941 2595 duas
956 2573 1116 2601 Zeugitanam
1135 2577 1160 2596 et
1175 2574 1402 2603 Carthaginiensem
1422 2576 1500 2598 divisa
1519 2583 1574 2598 esse
1594 2576 1699 2599 videtur.

166 2615 187 2644 G,
213 2615 280 2638 Stad.
302 2622 360 2638 mar.
383 2617 464 2643 magni
484 2614 500 2647 S
521 2615 567 2638 113
588 2615 676 2643 Gcogr.
700 2615 740 2638 Gr.
764 2616 823 2637 min.
846 2615 884 2638 ed.
907 2615 933 2638 C.
956 2615 1061 2638 Mueller
1080 2617 1089 2638 1
1110 2624 1134 2646 p.
1154 2616 1202 2639 469
1222 2615 1292 2644 πόλις
1313 2617 1389 2650 μικρά.
1410 2616 1475 2641 ἐστι·
1496 2620 1628 2651 καταφανῆ
1650 2617 1705 2651 ἔχει

77 2656 179 2691 βράχη·
199 2656 241 2681 καὶ
260 2656 277 2689 ή
295 2657 432 2691 καταγωγή
453 2657 518 2682 ἐπι-1
538 2656 580 2682 ἐπὶ
598 2657 629 2690 τῇ
652 2656 724 2681 πόλει
743 2656 864 2684 δύσκολος
884 2656 957 2681 πάνυ,

166 2700 188 2729 7)
211 2700 277 2723 Proc.
300 2701 329 2723 de
349 2701 421 2723 aedis.
445 2701 479 2723 Vi
499 2702 521 2723 ϋ.

166 2742 189 2770 S>
211 2743 278 2766 Pror.
299 2744 322 2765 b.
345 2743 424 2766 Vand.
448 2744 471 2765 11
492 2743 523 2766 23
556 2743 609 2765 Cor,
632 2743 682 2766 loli.
706 2743 739 2765 lv
763 2742 784 2765 S.
809 2743 848 2766 64.

165 2785 189 2811 9>
211 2785 277 2808 Proc
300 2786 322 2808 b.
346 2786 424 2810 vand.
447 2786 470 2807 II
490 2785 520 2808 27
542 2782 706 2818 Musaeum-a,
730 2784 756 2812 ’τὶς
776 2788 825 2809 τῶν
846 2785 870 2809 ἐν
890 2783 1010 2818 Βυζακὶιμ
1030 2785 1178 2819 καταλόγων
1198 2786 1284 2820 ἦρχεν.
