2034 3108
342 124 398 153 102

576 329 621 347 :tto

576 586 622 604 :ll-'1

576 1102 622 1120 :3271

576 1360 622 1377 25:31)

576 1618 604 1634 :⁸25
611 1618 622 1634 ἶ)

577 1873 622 1892 ῙΗΙ)

576 2131 621 2149 Sil-'u

1067 122 1213 149 CORIPPI

719 217 910 247 Taenarium
935 216 1044 248 dixere
1068 217 1192 257 lovem,
1220 217 1269 248 cui
1293 217 1448 257 sanguine
1472 218 1569 249 multo

719 267 848 298 humani
872 268 999 307 generis
1022 272 1177 300 mactatur
1199 268 1326 300 victima
1349 268 1441 309 pesti.

719 329 773 360 pro
798 319 901 350 scelus
926 319 1116 351 infaustum!
1144 320 1281 360 gemitus
1304 320 1513 355 miserabilis,
1539 330 1634 351 auras

720 370 857 410 undique
882 371 1081 409 concutiens,
1108 371 1298 403 clamoribus
1321 371 1453 403 aethera
1476 372 1591 413 pulsat.

718 422 869 463 imprimit
891 422 941 453 hic
964 422 1081 454 ferrum
1104 423 1240 463 iugulis7
1268 426 1299 454 et
1321 423 1450 454 vocibus
1472 423 1577 464 ipsum

719 483 836 504 numen
859 473 941 513 agit,
969 473 1145 514 dubiasque
1168 483 1285 505 vocans
1309 474 1394 506 exire
1418 484 1474 516 per
1497 474 1623 505 umbras

720 524 795 554 solis
817 524 878 555 iter
900 528 1055 565 temptare
1078 525 1175 556 iubet.
1224 528 1298 556 tune
1320 535 1406 556 more
1429 525 1559 566 profano

720 575 873 616 diripiunt
895 576 1052 616 pecudum
1075 576 1170 608 fibras
1194 580 1225 608 et
1247 576 1313 608 fata
1335 577 1508 617 requirunt.

720 630 879 668 presserat
901 627 962 658 ista
986 627 1082 667 deus,
1110 628 1302 668 surdumque
1325 628 1366 659 ad
1389 629 1530 660 carmina
1551 638 1667 660 numen

719 689 809 710 omne
834 678 910 710 fuit:
938 679 1017 710 nulli
1042 679 1149 711 retulit
1170 689 1323 721 responsa
1346 680 1504 712 sacerdos.

803 731 950 762 Phoebus
972 731 1012 762 ab
1036 731 1151 762 interni
1175 731 1382 772 resplendens
1405 732 1547 771 margine
1571 731 1652 763 caeli

719 782 837 813 Oceani
861 782 1027 823 rumpebat
1049 792 1166 822 aquas,
1193 783 1366 823 meliorque
1389 792 1558 823 resurgens

719 833 836 864 lumine
860 833 1020 873 fulgentes
1045 834 1151 865 radios
1174 834 1324 866 tendebat
1346 835 1379 865 111
1403 835 1510 866 orbem

719 885 805 916 felici
828 888 978 916 nascente
1002 885 1065 916 die.
1112 886 1239 926 iamque
1264 886 1373 917 ordine
1397 890 1481 918 celto

719 936 926 967 Christicolae
950 937 1080 968 veniunt
1102 937 1228 978 populi⁷
1256 938 1398 969 Romana
1420 938 1568 969 iuventus

719 988 979 1028 magnanimique
1002 988 1100 1020 duces
1124 989 1223 1029 signis
1248 989 1469 1021 comitantibus
1493 999 1566 1020 una.

720 1038 784 1070 dux
807 1039 861 1070 ubi
884 1039 1034 1071 distensis
1058 1040 1168 1071 habuit
1190 1040 1324 1071 tentoria
1346 1040 1443 1079 velis,

719 1090 806 1121 visus
830 1100 899 1121 eum
922 1090 1032 1131 primis
1055 1090 1161 1122 media
1184 1091 1265 1122 inter
1287 1094 1391 1122 eastra
1413 1091 1582 1123 Iohannes.

719 1141 771 1172 hic
794 1152 943 1181 magnum
968 1141 1077 1173 statuit
1101 1142 1211 1173 velans
1235 1142 1335 1173 altare
1359 1141 1524 1179 sacerdOS,

719 1196 750 1223 et
773 1193 865 1224 solito
889 1193 988 1224 sacris
1012 1193 1219 1225 circumdedit
1242 1193 1380 1234 undique
1404 1194 1507 1234 peplis

719 1254 804 1275 more
827 1247 962 1285 patrum.
1010 1244 1240 1284 instituuntque
1264 1244 1373 1275 choros
1397 1248 1428 1276 et
1450 1244 1555 1276 dulcia
1578 1246 1719 1286 psallunt

719 1295 859 1326 carmina
882 1294 1037 1327 deflentes
1060 1295 1171 1326 humili
1195 1306 1265 1327 cum
1288 1306 1364 1327 voce
1387 1296 1533 1327 ministri.

718 1351 767 1378 ast
791 1346 845 1378 ubi
868 1347 983 1378 sacrati
1006 1347 1110 1387 tetigit
1133 1347 1196 1378 dux
1220 1347 1331 1378 limina
1352 1348 1462 1389 templi

717 1398 919 1439 ingrediens,
946 1399 1082 1439 gemitus
1105 1399 1214 1440 populi
1238 1409 1351 1439 rupere
1375 1399 1529 1430 dolentes.

719 1450 838 1481 lumina
861 1450 1056 1481 confundunt
1078 1450 1227 1481 lacrimis.
1275 1461 1335 1482 vox
1358 1450 1497 1491 undique
1520 1451 1626 1482 caelos

718 1502 841 1542 pulsat,
869 1505 900 1533 et
922 1502 1056 1533 infensis
1079 1505 1124 1533 tot
1148 1501 1274 1533 conseia
1296 1505 1424 1543 pectora
1446 1502 1563 1543 pugnis

718 1553 907 1594 percutiunt.
959 1553 1093 1585 ‘delicta
1116 1557 1240 1594 patrum
1264 1553 1404 1593 dimitte7
1431 1563 1595 1594 rogamus,

718 1608 906 1644 iwstraque.r
934 1604 1072 1636 Christe*
1098 1608 1229 1645 gemunt
1252 1608 1282 1636 et
1303 1604 1401 1636 tensis
1425 1605 1554 1636 aethera
1576 1605 1690 1646 palmis

718 1655 910 1696 suspiciunt7
939 1656 1119 1696 dominique
1144 1656 1204 1687 sihi
1229 1656 1347 1687 solacia
1370 1659 1512 1697 poscunt.

718 1707 785 1748 ipse
807 1708 888 1738 inter
911 1707 1045 1748 primos,
1074 1708 1271 1748 genibusque
1295 1711 1325 1739 et
1348 1717 1476 1748 corpore
1499 1707 1598 1740 flexo.

718 1769 772 1799 pro
795 1759 912 1800 populo
935 1768 1070 1790 exorans
1093 1762 1195 1790 motus
1219 1759 1336 1800 pietate
1359 1759 1516 1790 Iohannes

719 1821 757 1841 ex
781 1810 879 1841 oculis
902 1810 1050 1841 lacrimas
1073 1810 1226 1841 fundebat
1248 1810 1386 1841 fluminis
1407 1810 1523 1849 instar,

719 1862 960 1903 percutiensque
985 1872 1075 1893 suum
1099 1861 1258 1902 geminato
1282 1862 1413 1893 verbere
1437 1865 1546 1903 peetus

718 1913 796 1945 talia
819 1923 895 1945 voce
919 1916 1019 1954 rogat.
1071 1913 1197 1945 ‘numdi
1221 1916 1322 1953 sator⁷
1349 1913 1443 1945 unica
1466 1924 1569 1945 rerum

718 1965 783 1996 vita
806 1965 975 2005 salusque,
1003 1965 1098 2005 deuS,
1126 1968 1246 2004 terrae⁷
1273 1965 1386 2003 maris⁷
1413 1965 1552 1996 aetheris
1575 1969 1685 1997 auctor

719 2016 934 2057 omnipotens,
962 2017 1083 2048 caelum
1108 2020 1139 2048 ct
1161 2019 1275 2048 terram
1300 2016 1467 2048 Virtutibus
1490 2017 1626 2057 implens

718 2068 976 2108 undivagumque
1001 2068 1103 2099 salum
1127 2069 1177 2099 vel
1201 2068 1355 2108 quidquid
1378 2068 1514 2108 cingitur
1537 2069 1629 2101 orbe.

719 2123 855 2159 aeraque
879 2123 909 2151 et
932 2123 1067 2151 taetrum
1091 2120 1199 2160 populi
1222 2120 1372 2160 pallentis
1395 2120 1572 2158 Avernum,

718 2171 884 2211 imperium
908 2174 941 2202 tu
966 2171 1051 2201 solus
1074 2171 1190 2202 hahes:
1218 2171 1274 2202 tihi
1299 2181 1422 2202 summa
1444 2174 1584 2212 potestas

719 2225 750 2252 et
772 2222 842 2252 laus
866 2225 896 2253 et
918 2231 1050 2261 regnum
1075 2232 1273 2262 magnaeque
1297 2222 1438 2263 potentia
1461 2222 1602 2253 dextrae.

718 2272 841 2313 respice
864 2272 927 2303 iam
950 2272 1077 2304 tandem
1102 2274 1276 2311 Romanos,
1303 2273 1442 2314 respice,
1470 2283 1607 2305 summe.

718 2327 811 2364 atque
836 2324 906 2364 pius
930 2334 1093 2357 succurre.
1120 2328 1225 2365 pater,
1253 2328 1428 2365 gentesque
1452 2325 1605 2365 superbas

719 2375 847 2415 frange,
876 2385 1001 2416 precor,
1029 2376 1143 2407 virtute
1166 2379 1231 2407 tua.
1280 2376 1502 2416 dominumque
1526 2379 1685 2417 potentem

717 2430 747 2458 te
772 2427 874 2457 solum
897 2431 1071 2467 agnoscant
1093 2427 1217 2468 populi7
1245 2427 1319 2458 dum
1344 2427 1479 2458 conteris
1503 2427 1609 2458 hostes

718 2482 749 2509 et
772 2479 878 2509 salvas
902 2489 957 2519 per
979 2479 1065 2509 bella
1089 2482 1169 2510 tuos.
1218 2489 1300 2510 nune
1324 2479 1470 2519 sculptile
1494 2478 1623 2509 danmat

718 2540 809 2560 omne
833 2540 950 2570 genus,
978 2540 1148 2570 verumque
1173 2530 1267 2561 deum
1292 2534 1339 2570 te7
1366 2540 1496 2570 magne,
1525 2530 1686 2560 fatemur'.

404 2643 452 2666 :310
472 2644 578 2669 gemitus
600 2642 694 2671 Mam,
721 2643 826 2671 geminis
848 2642 867 2664 T
1006 2643 1054 2665 :513
1081 2649 1168 2665 nomen
1190 2642 1209 2663 Τ
1348 2642 1396 2665 316
1421 2649 1468 2671 que
1487 2642 1545 2664 add.
1569 2641 1643 2664 Mazz.
1783 2641 1831 2665 325
1851 2643 1904 2665 uisa
1925 2643 1945 2664 T

335 2687 381 2709 327
403 2687 473 2709 solite
493 2686 606 2708 dubitans
628 2685 699 2707 ln‘ckk.
829 2686 925 2714 pbeplis
948 2685 966 2707 'l'
1105 2685 1153 2708 328
1173 2686 1255 2707 salunt
1276 2685 1295 2707 T
1434 2684 1482 2707 329
1502 2685 1607 2706 ministri
1629 2683 1770 2714 Mommsen,
1792 2685 1903 2713 magistri
1925 2685 1944 2707 Τ

334 2729 380 2751 illl-1
402 2729 483 2751 dilivta
506 2728 524 2749 '1'
630 2728 677 2749 :sau
697 2728 837 2756 suscipiunt
858 2728 876 2749 Τ
982 2727 1028 2751 ἉῙΠ
1048 2728 1213 2757 gentibusque
1236 2728 1254 2750 Τ
1377 2727 1425 2750 350
1447 2729 1530 2750 france
1552 2727 1570 2748 Τ
1692 2726 1740 2750 352
1759 2728 1868 2757 scriptile
1890 2728 1909 2750 T

334 2771 431 2793 danmat
455 2771 480 2799 Ty
503 2771 589 2793 damna
609 2770 740 2793 Mommsen
845 2770 892 2793 :553
914 2778 1048 2800 uerumque
1070 2771 1157 2800 Maza,
1179 2774 1311 2801 utrumque
1334 2771 1352 2793 Τ
