2034 3108
303 180 377 212 XIV
996 173 1223 200 PROOEMIVM.

307 301 382 323 sane
408 290 453 321 vir
477 289 604 320 doctus.
631 288 683 328 qui
709 287 835 318 saeculo
859 297 888 327 p.
917 286 991 318 Chr.
1018 296 1047 315 n.
1075 285 1121 315 11⁰
1144 295 1160 315 e
1185 285 1335 316 desertis.
1370 294 1450 324 quae
1475 283 1586 324 Syriae
1611 286 1641 314 et
1664 282 1801 313 Arabiae
1824 282 1923 312 inter-

306 351 427 381 iacent.
462 354 589 389 gentem
614 348 870 387 Laguantensem
902 346 934 376 in
957 345 1096 376 Africam
1120 344 1337 383 immigrasse.
1372 353 1427 384 per
1449 344 1631 384 Aegyptum
1655 342 1687 372 in
1709 346 1810 373 terras
1834 341 1919 372 Mar-

307 410 440 441 maricas
472 408 664 449 processisse
695 411 726 438 et
754 410 866 447 gentes
896 405 1070 445 antiquitus
1102 404 1152 434 his
1182 404 1214 434 in
1242 403 1426 443 regionibus
1457 403 1605 434 sedentes
1636 401 1832 442 oppressisse
1863 401 1923 432 sibi

308 469 500 510 persuaserit
511 470 537 488 ³¹³³
556 493 561 498 .
610 467 673 498 sed
704 466 902 506 migrationis
933 465 1007 495 talis
1031 474 1100 495 enm
1126 474 1227 503 neque
1250 463 1336 504 apud
1360 463 1528 503 scriptores
1551 461 1699 502 temporis
1723 461 1810 492 illius
1833 461 1923 492 testi-

307 529 411 560 monia
441 538 498 559 nee
529 527 721 568 temporibus
752 525 978 567 posterioribus
1010 523 1146 563 vestigia
1176 524 1242 554 ulla
1272 523 1490 557 inveniantur,
1528 522 1712 553 audaciam.
1747 531 1809 561 qua
1839 530 1923 552 som—

308 589 360 620 nia
386 599 439 629 pro
464 587 578 618 studiis
602 590 748 621 veneunt,
776 585 940 616 miraberis
964 583 1067 623 magis
1090 593 1184 623 quam
1209 583 1368 623 probabis.

397 649 460 679 lani
485 657 569 678 vero,
597 650 630 678 ut
653 646 693 677 ad
718 645 910 677 Iohannidos
936 644 1006 675 libri
1031 643 1161 674 secundi
1186 642 1348 673 exordium
1373 642 1596 682 explicandum
1620 641 1798 672 redeamus.
1830 650 1923 672 versu

314 710 370 738 1:35
395 707 537 747 gentium
561 706 754 747 Syrtiearuni
778 705 920 736 recensio
944 704 1065 734 finitur:

670 770 878 801 Marmaridas
902 772 1014 809 gentes
1037 771 1082 798 tot
1104 766 1234 807 pertulit
1257 766 1365 797 Africa
1388 766 1492 797 bellis.

312 836 423 867 Verbis
458 834 573 866 deinde
607 833 846 873 insequentibus
881 842 915 863 se
944 832 1040 863 aliam
1070 840 1197 871 prorsus
1227 834 1377 862 terrarum
1409 830 1619 861 Mauriearum
1650 829 1681 860 in
1712 832 1833 869 partem
1864 838 1925 860 non

274 933 284 944 .
311 896 421 927 orienti
447 895 516 933 soli,
545 894 601 925 sed
624 894 781 925 occidenti
803 892 907 932 magis
931 891 1099 923 obnoxiam
1122 890 1281 922 transilire
1304 893 1399 931 poeta
1422 889 1539 921 diserte
1562 889 1738 930 profitetur:

670 958 741 997 quis
765 957 912 988 miseram
938 965 1105 996 superesse
1130 958 1218 995 putet
1229 958 1239 984 2'
1262 964 1323 985 non
1348 953 1465 984 sufficit
1486 953 1589 985 istud.

671 1020 687 1040 0
713 1008 833 1049 superi!
862 1008 924 1038 iam
949 1007 1055 1038 audax
1079 1006 1209 1037 alternis
1234 1005 1335 1045 surgit
1358 1005 1398 1036 ab
1421 1005 1484 1035 oris

670 1060 807 1091 adversa
830 1059 869 1090 de
894 1062 982 1099 parte
1006 1058 1144 1089 fremens
1168 1057 1232 1088 dux
1256 1057 1311 1087 ille
1336 1056 1458 1095 ruinas.

669 1121 749 1151 quas
772 1111 819 1142 illi
844 1111 985 1141 Romana
1009 1119 1122 1140 manus
1145 1119 1201 1149 per
1225 1108 1356 1139 vulnera
1379 1107 1489 1138 Martis

671 1166 744 1194 ante
769 1162 868 1193 dedit.

312 1230 412 1267 Quem
437 1229 615 1259 Maurorum
647 1227 791 1267 regulum
822 1225 968 1257 cladibus
995 1224 1146 1265 gravibus
1170 1234 1189 1254 a
1212 1223 1377 1264 Byzantiis
1400 1222 1551 1253 afflictum
1576 1222 1626 1253 1110
1650 1222 1805 1263 Corippus
1829 1222 1929 1263 signi-

312 1289 394 1321 ficet.
421 1291 609 1328 quaerentes
632 1287 754 1318 nullum
777 1285 957 1317 invenimus
981 1285 1042 1315 nisi
1059 1284 1201 1322 laudam.
1229 1283 1356 1314 Aurasii
1376 1282 1490 1313 montis
1518 1282 1581 1322 (Dj.
1601 1283 1711 1322 Aures)
1741 1282 1924 1323 principem,

313 1359 405 1389 quem
430 1358 458 1379 a.
487 1350 546 1378 535
572 1351 603 1378 et
626 1348 686 1377 539
718 1344 975 1386 expeditionibus
1005 1344 1129 1375 duabus
1159 1342 1352 1374 felicissimis
1377 1342 1501 1373 Solonio
1528 1343 1759 1382 pacave1·at⁵⁴).
1807 1343 1928 1373 Tamen

314 1412 415 1440 utrum
440 1408 523 1438 1111110
538 1418 579 1438 an
596 1407 693 1438 alium
710 1405 867 1446 quendam
884 1408 977 1445 poeta
994 1403 1203 1438 denotaverit,
1231 1402 1369 1433 dubitari
1386 1406 1501 1442 posset7
1529 1401 1592 1432 nisi
1609 1401 1770 1433 enuntiato
1789 1402 1929 1442 proximo

672 1470 858 1501 innumerae
882 1471 993 1508 gentes
1017 1467 1108 1498 illum
1132 1466 1319 1497 comitantur
1343 1469 1488 1504 euntem7

674 1530 755 1561 quae
779 1519 906 1551 Gemini
930 1519 1073 1557 Petram,
1101 1528 1182 1558 quae
1207 1517 1365 1557 Zerquilis
1388 1516 1515 1548 horrida
1538 1526 1611 1547 rura
1640 1516 1763 1556 (colunt)

315 1587 448 1618 castella
472 1586 534 1617 duo
558 1585 671 1617 montis
690 1584 817 1615 Aurasii
841 1586 1099 1621 memorarentur.
1127 1582 1240 1621 quibus
1263 1581 1296 1612 in
1319 1581 1405 1612 bello
1429 1591 1498 1612 cum
1515 1580 1683 1612 Solomone
1707 1584 1796 1621 gesto
1813 1580 1930 1612 Iaudas

315 1647 452 1678 maxime
476 1646 612 1677 confisus
635 1646 762 1684 0111155).
810 1643 893 1681 Quin
916 1643 1030 1673 melius
1054 1642 1149 1673 etiam
1174 1641 1294 1672 laudae
1317 1651 1449 1680 regnum
1472 1650 1565 1671 versu
1593 1642 1649 1670 149
1673 1640 1843 1671 indicatur:

670 1707 861 1739 Aurasitana
884 1716 997 1737 manus
1020 1705 1116 1737 celsis
1140 1704 1305 1736 descendit
1328 1705 1368 1735 ab
1393 1704 1465 1735 oris.

313 1775 435 1815 Regulo
460 1774 564 1805 eidem
587 1773 731 1814 paruisse
755 1772 901 1803 dicuntur
924 1773 1046 1810 gentes.

671 1846 752 1876 quae
775 1835 915 1867 nefanda
939 1835 1045 1866 colunt
1066 1834 1165 1865 tristis
1189 1837 1338 1864 montana
1362 1833 1482 1863 Na-vusi

672 1888 877 1927 desertosque
900 1887 1003 1918 locos:
1032 1885 1127 1917 nutrit
1149 1894 1226 1925 quos
1250 1884 1378 1916 horrida
1400 1884 1494 1915 tellus

674 1938 811 1979 Arzugis
833 1938 994 1969 infandae.

314 2005 419 2042 Quare
449 2014 507 2035 nec
536 2006 683 2034 montana
714 2002 772 2033 illa
803 2002 925 2032 Navusi
956 2001 1050 2041 longe
1077 2011 1096 2031 a
1125 2004 1229 2031 monte
1252 1999 1386 2030 Aurasio
1417 1998 1537 2030 afuisse
1548 1999 1605 2038 56),
1638 2002 1669 2029 et
1698 1998 1926 2039 Arzugitanam

315 2064 475 2105 regionem
504 2063 614 2103 (Belad
631 2063 659 2094 el
677 2062 814 2103 Djerid)7
841 2071 923 2101 quae
939 2060 1075 2102 Byzacio
1098 2059 1262 2091 meridiem
1286 2068 1397 2090 versus
1421 2058 1569 2099 contigua
1584 2058 1659 2089 inde
1675 2068 1694 2088 a
1709 2058 1926 2099 Tripolitanae

314 2124 494 2165 provinciae
524 2123 639 2154 tinibus
672 2126 746 2163 ‘per
774 2122 904 2161 longum
934 2120 1061 2151 Africae
1092 2120 1237 2151 limitem*
1271 2118 1566 2153 extendebatur-⁵⁷).
1601 2127 1702 2157 usque
1732 2118 1774 2149 ad
1800 2118 1926 2149 Aurasii

315 2183 428 2214 montis
452 2183 576 2214 radices
600 2181 791 2223 pertinuisse
815 2181 1002 2222 putaverim.

404 2330 441 2357 523)
465 2330 493 2352 L.
516 2329 623 2351 'l'auxier
642 2328 677 2350 La
697 2327 799 2355 religion
820 2326 862 2349 des
882 2329 1001 2348 taureaux
1021 2326 1102 2347 divins
1122 2331 1152 2347 011
1173 2325 1275 2354 Afrique
1296 2324 1355 2347 Rev.
1377 2324 1428 2346 At'r.
1452 2324 1509 2346 XXI
1532 2323 1593 2346 1577
1614 2330 1638 2353 p.
1663 2322 1804 2345 185—197.

404 2372 443 2401 54)
466 2372 533 2394 Proc.
554 2372 577 2393 b.
601 2370 679 2393 Vand.
702 2370 723 2392 ΙΙ
747 2369 784 2392 13.
809 2368 846 2391 19.
870 2368 911 2391 20.

405 2415 444 2444 55)
469 2414 534 2437 l’roc.
556 2414 578 2436 b.
600 2413 682 2435 Vand.
703 2413 725 2435 II
748 2411 776 2434 19
796 2409 939 2443 Ζερβοὺλη.
978 2412 1001 2433 11
1021 2410 1052 2433 20
1073 2407 1221 2441 Γεμινιανοῦ
1240 2408 1325 2442 πέτρα.

406 2457 445 2485 511)
469 2456 503 2479 Ne
522 2457 578 2485 quis
598 2456 765 2484 Tripolitanae
785 2455 923 2484 provinciae
944 2456 1053 2476 montem
1072 2454 1114 2481 DJ.
1136 2453 1229 2475 Nefnsa
1253 2453 1358 2475 eundem
1383 2459 1437 2474 esse
1462 2455 1536 2481 atque
1561 2454 1668 2474 montem
1689 2451 1813 2473 Navusum
1835 2451 1924 2480 credat,

321 2503 426 2522 montem
447 2499 516 2520 illum
536 2506 548 2520 a
568 2498 657 2527 populo
677 2498 783 2520 Maurico
804 2497 896 2519 Nefusa
916 2497 953 2519 vel
974 2496 1065 2518 Nasusa
1088 2496 1161 2525 (apud
1181 2495 1327 2525 Corippum:
1351 2494 1444 2521 Naffur)
1466 2500 1553 2516 nomen
1572 2493 1675 2516 duxisse
1694 2493 1842 2516 meminerit.

407 2541 447 2569 57)
470 2542 539 2563 Oros.
560 2541 569 2562 I
590 2540 603 2563 2
626 2540 792 2569 *Tripolitana
810 2540 944 2569 provincia,
966 2546 1028 2568 quae
1047 2542 1073 2561 et
1092 2538 1251 2560 Subx-entana
1270 2538 1307 2559 vel
1327 2538 1391 2566 regio
1410 2538 1535 2565 Arzugum
1555 2536 1653 2564 dicitur,
1674 2536 1717 2558 ubi
1736 2536 1822 2565 Leptis
1842 2542 1928 2564 magna

321 2585 407 2607 civitas
427 2587 472 2613 est,
495 2584 607 2612 quamvis
620 2584 730 2611 Arzuges
750 2590 793 2611 per
812 2582 911 2611 longum
925 2582 1022 2604 Asi-icae
1041 2582 1146 2603 limitem
1165 2581 1313 2609 generaliter
1331 2579 1469 2602 vocentur'.
1504 2579 1621 2601 Aurelius
1641 2579 1716 2608 episc.
1732 2578 1845 2607 Carthag.
1865 2578 1928 2607 apud

321 2628 422 2654 Dionys.
440 2626 511 2654 Exig.
529 2627 553 2648 in
568 2625 656 2654 synod.
673 2625 756 2648 Carth.
772 2632 825 2647 can.
841 2624 873 2648 49
895 2625 934 2647 ‘in
949 2625 1041 2654 Tripoli
1061 2625 1123 2646 etin
1138 2624 1235 2651 Arznge
1254 2623 1400 2645 interiacere
1420 2622 1534 2644 videntur
1552 2621 1667 2644 barbarae
1686 2619 1794 2650 gentes'.
1827 2627 1880 2644 can.
1897 2620 1927 2643 52

322 2670 484 2699 ‘Tripolitani
504 2672 527 2691 et
548 2669 692 2696 Arzugitani
710 2668 819 2691 fratres:
852 2668 916 2697 apud
936 2667 1091 2690 Harduinnm
1111 2666 1184 2695 (Acta
1198 2666 1291 2688 Concil.
1307 2665 1318 2687 1
1331 2673 1355 2694 p.
1374 2664 1446 2693 1232)
1467 2667 1537 2687 extat
1554 2664 1669 2693 Epistula
1688 2664 1783 2686 Aurelii
1803 2663 1929 2692 Carthagi-

322 2712 416 2735 niensis
436 2711 544 2741 episcopi
564 2710 592 2733 ad
613 2718 696 2733 ornnes
711 2711 837 2739 episcopos
850 2717 893 2740 per
907 2710 1058 2738 Byzacenani
1072 2712 1096 2731 et
1109 2709 1286 2737 Arzugitanam
1299 2707 1449 2738 provinciam
1463 2707 1617 2729 constitutos.
1651 2706 1787 2734 Augustini
1800 2706 1881 2735 Epist.
1896 2704 1928 2728 46

325 2755 442 2784 (epistula
456 2754 616 2782 Publicolae).
652 2754 691 2776 ‘in
706 2753 853 2781 Arzugibus,
874 2755 902 2775 ut
920 2752 1014 2780 audivi,
1035 2752 1160 2774 decurioni
1179 2751 1221 2780 qui
1239 2751 1313 2773 limiti
1332 2753 1430 2779 praeest
1448 2749 1486 2772 vel
1505 2750 1604 2772 tribuno
1623 2749 1704 2771 solent
1720 2749 1803 2771 iuvare
1822 2748 1926 2776 barbari,

320 2798 431 2820 iurantes
450 2803 492 2826 per
512 2796 642 2819 daemones
660 2795 737 2818 suos'.
