2034 3108
780 171 1008 198 PROOEMIVM.
1626 174 1705 204 XIX

85 282 204 313 auxilio
236 291 273 312 ne
305 281 496 321 privaretur.
533 281 712 312 501011101110
744 282 913 322 plurimum
944 282 1126 314 interfuisse
1158 287 1189 314 et
1211 283 1340 324 Corippi
1364 294 1379 315 e
1404 284 1471 315 1000
1503 294 1539 315 eo
1551 288 1575 305 ³³⁵
1600 310 1605 315 .
1640 295 1701 325 quo

86 342 213 382 triginta
238 340 325 371 milia
350 341 485 371 virorum
510 340 581 370 111110
606 341 673 379 regi
698 341 842 381 paruisse
866 342 1093 382 comperimus.
1121 346 1152 373 et
1176 352 1214 373 ex
1238 342 1365 377 itinere,
1393 354 1454 383 quo
1478 343 1603 374 50101110
1628 344 1706 375 Car-

85 401 216 442 thagine
232 400 376 431 hostibus
393 400 517 430 obviam
534 399 601 439 ivit,
629 400 808 439 collegeris.
857 401 968 441 Neque
986 401 1069 432 enim
1086 401 1135 432 via
1154 402 1269 432 litorali
1287 402 1517 434 Hadrumetina
1532 403 1704 443 Byzacium

86 461 216 502 petivit)
244 459 301 491 sed
325 459 492 499 Bagradae
516 469 572 499 per
595 459 712 490 vallem
737 460 935 491 Theresten.
964 461 1072 491 urbem
1096 461 1266 492 Numidiae
1290 462 1507 493 meridionalis
1532 463 1707 494 munitissi—

84 531 168 551 mam
180 522 229 557 ⁵⁴:—
258 519 416 560 profectus
441 519 489 549 liic
507 529 577 550 cuin
595 519 723 550 Cusina.
752 530 844 559 quem
862 520 969 551 hostes
985 520 1110 559 magnis
1127 520 1189 550 iam
1207 520 1306 561 copiis
1324 522 1478 561 pressisse
1495 522 1642 554 videntur
1652 525 1702 563 5⁵),

85 583 187 611 castra
218 579 330 610 iunxit.
380 578 502 610 Deinde
534 578 668 619 primum
699 579 827 618 quidem
858 579 1037 610 Maurorum
1068 579 1235 610 rebellium
1266 590 1396 611 numero
1426 581 1549 621 ingenti
1579 582 1706 613 territus

85 650 156 670 cum
180 638 457 679 Laguantensibus
488 637 528 669 de
558 648 635 678 pace
666 638 883 679 componenda
909 648 1004 678 agere
1033 639 1146 679 coepit.
1195 639 1272 670 Cum
1297 643 1403 671 autem
1427 640 1533 671 hostes
1557 641 1706 672 victoriae

86 709 141 740 spe
176 698 272 729 erecti
302 698 503 729 condiciones
534 707 643 728 omnes
674 698 874 729 reiecissent.
913 708 1052 739 pugnam
1083 698 1218 738 paravit.
1267 698 1441 730 Occasione
1474 710 1549 730 usus
1582 704 1703 740 partem

85 758 242 789 exercitus
266 757 397 788 Maurici
427 757 545 797 praeda
577 767 692 797 magna
723 761 886 788 oneratam
918 758 1085 798 oppressit.
1135 758 1199 789 5011
1229 759 1337 799 paullo
1369 764 1439 799 post
1469 769 1539 790 cum
1569 760 1704 791 hostium

85 818 185 858 copiis
216 817 372 848 universis
403 826 592 856 congressus
624 817 848 857 Byzantiorum
880 817 1053 849 exercitus.
1088 828 1279 857 quamquam
1312 818 1482 849 fortissime
1506 819 1703 858 aliquamdiu

84 877 254 909 restiterat.
280 876 408 907 tandem
432 876 635 907 multitudine
659 880 826 917 superatus
850 880 938 916 terga
963 876 1062 908 dedit.
1111 877 1236 908 50101110
1260 878 1338 918 ipse.
1366 878 1420 917 qui
1444 878 1610 918 armigeris
1633 879 1704 910 tidis

85 937 220 978 stipatus
251 936 369 967 diutius
398 936 511 967 ceteris
538 935 675 967 hostium
700 936 851 976 impetum
876 936 1085 967 sustinuerat.
1121 946 1190 967 sero
1213 936 1245 967 in
1270 937 1379 977 fugam
1403 948 1573 969 conversus
1598 939 1700 979 periit.

85 997 215 1036 Pugnae
246 996 340 1027 huius
370 995 478 1026 fatalis
509 995 754 1036 descriptionem
786 996 961 1036 simplicem
993 1000 1023 1026 et
1054 996 1209 1027 sinceram
1241 997 1391 1038 Procopio
1423 998 1585 1029 debemus.
1635 998 1705 1029 Non

86 1056 238 1087 defuisse.
266 1055 319 1095 qui
342 1065 403 1086 non
427 1055 563 1086 hostium
587 1065 727 1086 1111111010.
755 1055 812 1086 sed
836 1055 1015 1086 Maurorum
1040 1055 1272 1087 foederatorum
1297 1057 1430 1097 pertidia
1455 1058 1506 1088 vel
1524 1057 1706 1088 Guntarithi

85 1115 262 1156 proditione
294 1115 452 1145 Romanos
483 1114 664 1155 profligatos
695 1125 766 1146 esse
797 1118 1036 1146 asseverarent.
1075 1115 1203 1156 Corippi
1233 1126 1249 1146 0
1280 1116 1457 1148 Iohannide
1489 1117 1640 1148 discimus
1653 1118 1703 1157 W).

85 1174 150 1206 5011
179 1174 357 1205 rumoribus
386 1175 520 1206 talibus.
555 1174 670 1214 quibus
701 1174 860 1206 exercitus
888 1174 961 1205 victi
986 1174 1137 1205 solacium
1163 1185 1278 1206 vanum
1303 1180 1468 1216 captantes
1490 1176 1705 1207 infirmitatem

86 1235 287 1266 dissimulare
312 1234 377 1265 fere
402 1235 513 1265 solent.
541 1234 636 1265 fidem
654 1234 833 1265 habiturum
851 1234 944 1265 credo
960 1234 1129 1265 neminem.
1172 1235 1213 1265 At
1229 1245 1289 1265 11110
1306 1246 1322 1267 0
1340 1235 1424 1267 fonte
1442 1236 1583 1277 Procopii
1600 1246 1709 1267 narra-

84 1294 160 1326 tioni
190 1294 265 1325 addi
295 1294 417 1333 aliquid
447 1304 539 1334 posse
571 1303 702 1330 censeo,
738 1293 872 1325 Victoris
895 1294 1122 1325 Tununnensis
1146 1304 1162 1325 0
1187 1295 1271 1326 1000.
1306 1305 1399 1334 quem
1430 1296 1554 1327 mendis
1577 1295 1705 1335 quidem

84 1354 270 1394 lacunisque
305 1354 502 1393 inquinatum
537 1353 692 1384 editiones
722 1353 939 1393 exhil>ent³⁷,‚
978 1353 1149 1393 genuinum
1178 1364 1251 1385 vero
1278 1355 1310 1385 in
1337 1355 1426 1386 libris
1453 1366 1547 1386 manu
1576 1355 1701 1396 scriptis

84 1424 167 1445 nunc
197 1414 333 1454 primum
363 1413 507 1445 excussis
530 1413 695 1444 Ewaldius
726 1413 855 1444 invenit.
905 1413 966 1451 Qui
998 1423 1067 1444 011111
1092 1424 1108 1444 0
1133 1413 1260 1445 schedis
1293 1415 1359 1445 suis
1384 1415 1598 1446 Mommseno.
1632 1425 1706 1455 pro-

86 1474 207 1505 fessore
230 1473 456 1511 illustrissimo.
484 1476 611 1513 petente
634 1472 791 1512 quidquid
813 1472 854 1503 ad
876 1472 1088 1504 Johannidem
1113 1474 1335 1514 explicandam
1360 1475 1554 1514 pertinebat,
1583 1485 1706 1506 mecum

86 1532 376 1565 communicaverit.
403 1533 466 1563 iam
491 1532 693 1564 emendatum
718 1532 851 1563 Victoris
876 1532 977 1563 locum
1002 1532 1182 1564 adscribere
1207 1533 1283 1564 milii
1308 1534 1449 1573 contigit.

176 1594 264 1634 ‘post
297 1592 495 1623 consulatum
527 1592 640 1623 Basilii
670 1603 699 1623 r.
733 1602 761 1622 c.
792 1602 874 1622 anno
902 1592 959 1622 III.
993 1594 1106 1623 stuzas
1140 1596 1294 1633 tyrannus
1328 1593 1470 1633 gentium
1505 1593 1708 1625 multitudine

85 1652 225 1683 adunata
250 1652 409 1683 Solomoni
442 1652 593 1692 magistro
618 1651 752 1682 militiae
776 1662 812 1682 ac
835 1651 966 1692 patricio
990 1652 1115 1682 Africae
1141 1652 1315 1692 ceterisque
1327 1657 1360 1693 “j
1390 1654 1550 1684 Romanae
1574 1653 1708 1684 militiae

86 1712 220 1743 ducibus
244 1712 324 1743 Cilio
355 1711 497 1743 occurrit.
547 1711 601 1742 ubi
632 1711 857 1751 congressione
887 1711 968 1742 facta
1000 1711 1139 1752 peccatis
1170 1712 1297 1743 Africae
1321 1713 1483 1743 Romanae
1514 1713 1710 1754 reipublicae

88 1772 201 1803 militia
227 1775 403 1812 superatur7
433 1771 584 1802 5010111011
609 1771 771 1810 utriusque
796 1771 960 1812 potestatis
984 1770 1031 1801 vir
1054 1774 1201 1802 strenuus
1224 1772 1345 1812 proelio
1369 1772 1525 1803 moritur'.

172 1840 371 1879 Quamquam
395 1839 429 1870 in
453 1849 489 1870 00
513 1838 640 1879 quidem
658 1839 765 1870 Victor
788 1839 913 1879 erravit,
941 1839 1024 1879 quod
1042 1838 1176 1870 stutiam
1193 1839 1313 1871 Mauris
1328 1844 1402 1872 tunc
1420 1840 1597 1881 praefuisse
1614 1840 1706 1881 dixit,

87 1899 175 1931 haud
190 1904 297 1931 tamen
313 1899 526 1939 spernendam
543 1898 731 1930 crediderim
748 1898 819 1935 loci.
839 1909 900 1939 quo
916 1903 1092 1940 pugnatum
1109 1899 1158 1937 sit,
1180 1899 1381 1931 mentionem.
1408 1900 1521 1939 Neque
1537 1900 1621 1931 enim
1638 1910 1711 1941 per-

87 1970 197 2000 peram
221 1958 329 2000 oppidi
352 1959 439 1989 illius
463 1968 572 1999 parum
598 1958 733 1989 celebris
752 1968 868 1989 nomen
885 1958 1029 1999 scriptori
1044 1958 1075 1989 in
1092 1962 1230 1989 mentem
1248 1959 1374 1990 venisse
1391 1959 1457 1990 veri
1474 1959 1577 1990 simile
1594 1963 1652 1996 est,
1680 1963 1711 1990 et

89 2018 168 2050 situs
185 2018 253 2050 eius
269 2018 386 2059 optime
402 2027 473 2049 cum
490 2017 635 2059 Procopii
650 2018 829 2049 narratione
854 2018 1010 2049 convenit.
1051 2018 1166 2049 Cilium
1191 2018 1274 2049 enim
1298 2019 1349 2050 vel
1373 2037 1414 2040 —
1437 2023 1472 2049 ut
1494 2019 1709 2060 inscriptionis

177 2199 217 2229 83>
240 2199 293 2222 loh.
314 2199 361 2221 VII
381 2198 439 2222 265.
462 2198 520 2221 267.
1106 2222 1111 2225 ι

178 2250 218 2276 841
241 2250 285 2274 Ch.
307 2250 401 2273 Fe‘raud
422 2250 498 2272 Notes
518 2257 559 2272 sur
579 2249 687 2272 Tebessa
706 2250 766 2272 Rev.
789 2250 841 2272 Asr.
864 2249 949 2271 XVIII
972 2248 1035 2272 1874
1056 2257 1078 2279 p.
1101 2249 1159 2272 4:37.
1183 2250 1240 2272 435.

178 2301 218 2331 85)
241 2302 292 2324 Iob.
313 2302 350 2324 111
369 2301 427 2324 405.

179 2352 220 2381 86)
244 2352 296 2376 Cor.
319 2353 370 2375 1011.
386 2351 483 2375 111412
504 2351 614 2374 Ifuraces
633 2352 702 2374 fictos
721 2352 832 2381 suscepit
851 2352 950 2374 nescius
970 2352 1038 2374 artis.

503 2401 574 2417 mens
593 2395 696 2417 obseura
716 2397 813 2422 manet,
836 2394 965 2423 quotiens.
989 2393 1112 2423 Fortuna,
1134 2394 1244 2417 minaris.

503 2437 566 2465 heu,
590 2436 704 2460 Solomon
724 2437 877 2465 miserande,
898 2437 950 2459 tuis
969 2436 1012 2459 hos
1032 2437 1135 2465 iungere
1155 2437 1241 2459 castris

502 2479 631 2503 debueras.

386 2522 423 2544 111
438 2521 487 2545 428
508 2522 642 2545 Guntarith
661 2522 751 2545 infelix
769 2525 880 2544 nostrum
901 2522 1037 2545 conterruit
1055 2528 1151 2550 agmen.

505 2572 553 2588 non
574 2559 667 2588 victum
686 2565 795 2593 fortuna,
818 2565 904 2587 minax
924 2571 971 2587 non
991 2566 1116 2593 presserat
1135 2563 1225 2587 hostis.

504 2614 552 2630 non
572 2610 654 2630 metus
675 2614 729 2629 acer
748 2614 837 2636 agens3
859 2607 902 2629 sed
922 2609 1021 2629 vertens
1041 2609 1125 2628 mente
1144 2606 1253 2634 maligna

504 2651 576 2679 signa
594 2651 667 2673 refert
686 2650 808 2679 fugitque.

180 2700 219 2731 87)
243 2701 308 2724 vict.
330 2701 394 2724 Tun.
417 2701 456 2723 ed.
478 2701 586 2724 Roncalli
604 2701 628 2723 II
647 2707 672 2730 p.
694 2700 751 2723 370.

181 2750 221 2781 88)
245 2752 343 2774 Africae
362 2752 499 2782 ceterisque
519 2753 614 2780 scripsi,
636 2752 691 2774 Afri
710 2752 849 2780 ceterisque
867 2750 958 2773 codices
977 2749 1025 2773 duo
1047 2749 1198 2772 Matritenses
1216 2757 1279 2772 saec.
1302 2749 1367 2771 XIII
1386 2752 1407 2772 ει
1428 2749 1499 2775 XVIv
1523 2750 1613 2772 africae
1634 2749 1712 2772 aedu—

95 2795 180 2823 cisque
200 2794 252 2817 cod.
276 2794 447 2817 EscoriaLensis
467 2802 528 2818 saec.
552 2795 621 2823 XVI,
643 2795 742 2817 Africae
761 2794 906 2823 Aeducique
926 2793 962 2815 ed.
984 2793 1061 2822 Scul.y
1084 2793 1181 2815 Africae
1200 2793 1307 2822 ducique
1326 2791 1362 2814 ed.
1386 2791 1462 2814 Ronc.

1468 2841 1505 2866 C*
