2034 3108
53 728 78 747 10

50 985 78 1005 15

47 1241 76 1260 20

48 1505 78 1525 25

50 1762 79 1782 30

508 163 609 188 PERs.
631 161 887 189 WANDALMJAE
907 164 948 189 III
968 164 979 195 ᾗ
999 165 1081 187 9-16
1106 164 1151 191 JIV
1172 171 1195 189 c.
1217 164 1240 188 2.
1263 165 1296 193 3).
1672 166 1709 194 ,13

99 257 156 288 sed
193 257 287 288 etiam
322 256 462 288 iudices.
501 256 553 296 qui
583 257 755 296 †superius
793 257 939 296 neglecta
977 257 1044 288 dira
1081 257 1237 298 supplicia
1275 257 1409 288 diversis
1446 258 1591 289 intulisse
1623 268 1711 288 mon-

100 312 248 339 strantur.
295 308 412 339 Omnes
436 317 510 347 ergo
534 317 627 348 supra
653 307 755 338 dietae
779 307 853 338 fidei
877 308 1061 339 homousion
1085 308 1240 339 erroribus
1271 309 1454 349 inplicatos.
1489 320 1569 348 quae
1601 313 1710 340 cuncto

100 359 327 400 praedamnata
358 363 405 390 est
435 359 565 389 concilio
595 362 749 390 tantorum
781 369 911 390 numero
942 359 1157 391 sacerdotum.
1192 360 1347 390 universis
1371 360 1463 391 rebus
1487 361 1657 400 praedictis
1682 364 1712 392 ct

100 411 310 442 contractibus
334 410 544 450 praecipimus
569 409 734 442 abstineri.
769 409 851 449 quod
875 410 953 441 nihil
978 410 1037 441 sibi
1061 411 1205 442 noverint
1229 420 1298 441 esse
1323 411 1526 451 permissum.
1561 412 1617 443 sed
1640 412 1711 442 uni-

99 471 206 493 versos
230 461 343 492 similis
366 472 468 502 poena
491 464 618 491 maneat
641 464 671 491 et
694 461 858 501 astringat.
887 461 913 492 si
937 461 977 492 ad
1001 472 1108 492 veram
1132 462 1327 502 religionem.
1355 472 1447 501 quam
1472 472 1658 493 veneramur
1681 466 1712 494 et

99 513 246 551 colimus,
279 513 359 544 intra
391 512 474 543 dien]
499 511 714 543 Kalendarum
739 512 899 542 Iuniarum
929 513 1003 543 anni
1035 513 1137 544 octavi
1161 514 1248 553 regni
1273 513 1369 544 nostri
1393 514 1534 543 conversi
1558 524 1617 544 non
1641 514 1711 545 t'ue-

99 564 170 595 rint.
218 564 308 595 Diem
338 568 443 595 autem
467 563 688 604 praestitutum
712 563 792 594 adeo
816 563 917 604 pietas
942 567 1047 595 nostra
1072 564 1246 599 constituit.
1282 568 1314 594 ut
1338 564 1638 604 praedanmantibus
1661 576 1711 596 er-

99 625 199 646 rorem
230 615 430 655 indulgentia
459 625 520 645 non
550 618 683 654 negetur
706 618 737 645 et
760 614 934 645 obstinatos
957 615 1078 646 animos
1103 615 1257 656 supplicia
1283 615 1378 655 digna
1404 615 1600 646 coherceant.
1650 616 1710 653 Qui

98 670 204 697 autem
227 666 258 697 in
283 666 393 697 eodem
417 676 519 697 errore
543 665 784 706 permanserint.
813 676 868 697 seu
893 666 1005 697 domus
1029 670 1154 697 nostrae
1178 666 1321 707 occupati
1345 666 1468 697 militia.
1500 676 1555 697 seu
1579 666 1710 698 forsitan

99 717 232 748 diversis
254 717 354 748 titulis
376 717 682 756 necessitatibusque
706 717 894 757 praepositi.
930 727 984 757 pro
1015 718 1167 757 gradibus
1196 718 1262 748 suis
1286 717 1436 748 decursas
1460 718 1605 758 superius
1629 718 1711 748 111111-

98 772 199 800 tarum
223 769 390 800 inlationes
414 772 565 808 cogantur
588 768 744 808 excipere.
772 768 849 798 nihil
875 768 1018 799 valituris
1034 779 1115 808 quae
1131 769 1262 799 forsitan
1279 778 1335 809 per
1351 769 1584 809 subreptionem
1601 779 1710 809 quem-

99 830 192 859 quam
222 820 331 851 talium
363 820 492 859 contigit
521 819 703 860 promereri.
753 819 788 850 In
818 820 956 860 privatos
985 820 1081 851 etiam
1112 820 1162 851 vel
1193 820 1417 859 cuiuscumque
1449 820 1566 859 gradus
1598 825 1628 851 et
1652 821 1711 851 loci

98 880 250 911 personas
274 871 332 901 hoc
354 874 460 901 nostra
483 870 692 911 promulgatio
715 870 869 911 praecipit
892 871 1142 905 observandum,
1176 871 1259 911 quod
1290 871 1372 901 circa
1394 871 1476 901 tales
1500 881 1594 912 supra
1619 871 1711 902 dictis

98 922 223 961 legibus
247 922 412 953 videbatur
436 932 630 962 expressum.
658 926 691 952 ut
713 931 834 962 poenae
858 932 1017 961 c‹‡›ngruae
1042 922 1262 953 subderentur.
1306 922 1432 953 Iudices
1456 926 1561 953 autem
1585 923 1711 963 provin-

99 973 232 1012 ciarum,
267 973 350 1013 quod
382 976 531 1004 statutum
561 977 609 1004 est
637 973 845 1013 neglegentes
875 974 1023 1013 exsequi.
1058 973 1211 1013 superiori
1236 983 1347 1014 poena.
1376 984 1456 1013 quae
1479 974 1595 1004 talibus
1619 985 1711 1015 prae—

98 1025 232 1065 scripta,
265 1024 482 1055 constituimus
512 1024 711 1064 obligandos.
759 1024 848 1054 Veris
878 1028 982 1055 autem
1014 1024 1190 1055 maiestatis
1220 1024 1345 1055 divinae
1377 1025 1566 1058 cultoribus.
1600 1026 1633 1056 id
1663 1030 1710 1057 est

98 1076 314 1107 sacerdotibus
337 1076 467 1107 nostris.
495 1076 648 1106 ecclesias
672 1075 837 1106 universas
861 1076 912 1106 vel
936 1075 1031 1107 totius
1055 1076 1130 1107 cleri
1154 1076 1289 1107 nominis
1314 1076 1485 1117 supradicti
1509 1077 1711 1116 quibuscum-

97 1137 156 1167 que
187 1127 277 1158 terris
308 1131 338 1158 et
364 1127 547 1167 regionibus
579 1127 781 1160 constitutas.
817 1137 897 1167 quae
928 1127 1063 1168 propitia
1094 1127 1259 1158 divinitate
1290 1127 1413 1167 imperii
1438 1128 1534 1158 nostri
1557 1128 1711 1168 regimine

97 1178 310 1219 possidentur,
338 1189 398 1209 una
424 1188 491 1209 cum
517 1178 620 1211 rebus.
649 1188 730 1218 quae
754 1178 796 1209 ad
820 1178 950 1209 easdem
973 1178 1146 1219 pertinent.
1174 1178 1231 1209 1100
1256 1178 1381 1209 decreto
1406 1179 1572 1209 statuimus
1597 1180 1711 1211 debere

97 1229 261 1270 proficere,
296 1240 356 1261 non
388 1230 569 1260 dubitantes
600 1229 684 1269 quod
715 1230 786 1269 plus
815 1229 983 1260 alimoniae
1014 1230 1141 1270 inopum
1173 1230 1353 1270 proficeret.
1387 1230 1471 1269 quod
1503 1231 1712 1262 sacrosanctis

97 1280 296 1322 pontificibus
319 1281 401 1312 iuste
425 1281 581 1312 conlatum
606 1284 663 1311 est.
712 1281 802 1311 Hanc
832 1290 906 1320 ergo
937 1281 1041 1320 legem
1074 1282 1158 1311 tonte
1188 1281 1329 1312 iustitiae
1360 1281 1563 1322 profluentem
1593 1282 1712 1313 cunctis

97 1332 308 1372 praecipimus
324 1332 530 1365 innotescere.
558 1336 712 1372 quatenns
737 1332 843 1363 nullus
868 1332 927 1363 sibi
952 1332 1092 1371 ignotum
1117 1342 1187 1363 esse
1211 1332 1293 1372 quod
1316 1336 1520 1373 praeceptum
1545 1337 1593 1364 est
1615 1334 1713 1374 possit

98 1383 281 1414 obtendere.
329 1383 482 1424 Optamus
506 1393 561 1414 vos
585 1384 665 1414 bene
690 1383 807 1414 valere.
857 1384 940 1415 Data
964 1384 1021 1414 sub
1046 1383 1096 1414 die
1120 1393 1165 1414 vr.
1193 1384 1265 1414 Kal.
1294 1384 1384 1415 Mart.
1412 1384 1616 1424 Carthagine.

182 1443 241 1474 ΙΙΙ.
273 1444 348 1474 Post
377 1443 455 1474 haec
486 1443 589 1474 edicta
620 1443 732 1474 feralia
765 1454 884 1474 veneno
908 1443 1043 1474 toxicato
1067 1448 1248 1475 transversa
1272 1444 1358 1475 iubet
1381 1448 1508 1475 cunctos
1533 1445 1706 1485 episcopos.

98 1494 151 1534 qui
175 1494 368 1534 Cartbagine
391 1494 515 1525 fuerant
539 1495 732 1535 congregati,
760 1505 889 1535 quorum
912 1494 977 1526 iam
1001 1495 1171 1526 ecelesias.
1200 1495 1308 1526 11011100
1332 1499 1363 1526 01
1386 1496 1594 1526 substantiam
1618 1506 1711 1537 cepe-

98 1548 185 1583 rant,
218 1545 250 1576 in
280 1545 424 1587 hospitiis
448 1546 561 1586 quibus
586 1549 674 1577 erant
697 1546 849 1586 expoliari
874 1549 904 1577 et
928 1547 1104 1587 expoliatos
1127 1546 1203 1577 foris
1227 1556 1332 1577 muros
1355 1546 1500 1587 propelli.
1549 1547 1619 1577 Non
1643 1548 1712 1578 ani—

99 1597 179 1634 mal.
207 1607 268 1627 non
292 1607 418 1633 servus,
453 1607 515 1628 non
539 1597 687 1628 mutanda
709 1607 790 1637 quae
814 1597 958 1628 ferebant
981 1598 1168 1628 vestimenta
1193 1598 1319 1638 penitus
1343 1597 1554 1628 dimittuntur:
1591 1598 1712 1629 addens

98 1647 218 1683 adhuc.
247 1652 280 1679 ut
302 1648 408 1680 nullus
432 1648 611 1689 quempiam
634 1648 758 1679 illorum
782 1648 917 1689 hospitio
941 1649 1093 1689 reciperet
1116 1653 1170 1679 aut
1194 1649 1374 1679 alimoniam
1400 1649 1623 1689 praestitisset:
1659 1650 1712 1690 qui

99 1702 204 1730 autem
228 1698 286 1730 hoc
309 1700 519 1731 miserationis
545 1710 641 1730 causa
664 1700 769 1731 facere
792 1704 990 1741 temptasset,
1018 1710 1087 1731 011111
1112 1700 1259 1731 universa
1284 1700 1375 1731 domo
1400 1710 1457 1731 sua
1479 1701 1623 1732 incendio
1644 1711 1711 1732 ere-

100 1753 249 1781 maretur.
298 1750 465 1791 Sapienter
487 1755 560 1782 tunc
584 1751 679 1782 etiam
702 1751 832 1792 proiecti
855 1751 996 1792 episcopi
1020 1751 1171 1789 fecerunt,
1202 1755 1235 1782 ut
1259 1752 1333 1783 licet
1356 1752 1572 1783 mendicantes
1595 1753 1711 1784 exinde

99 1812 160 1832 non
183 1802 323 1841 abirent7
350 1802 424 1842 quia
447 1802 474 1833 si
497 1801 698 1841 recederent,
725 1813 786 1833 non
809 1806 932 1833 tantum
955 1802 1109 1833 violenter
1132 1803 1256 1833 omnino
1280 1807 1517 1843 revocarentur⁷
1545 1807 1575 1835 et
1598 1805 1712 1836 menti-

99 1857 206 1885 rentur
228 1863 293 1891 eos.
321 1853 401 1885 sicut
423 1853 545 1885 mentiti
569 1857 651 1893 sunt7
678 1853 800 1893 fugisse
825 1853 1018 1885 conflictum:
1046 1854 1194 1891 maxime.
1221 1854 1296 1894 quia
1319 1855 1372 1885 ubi
1396 1858 1626 1886 revelterentur
1648 1856 1711 1886 iam

100 1915 300 1945 nequaquam
323 1904 444 1944 fuerat,
480 1905 642 1943 ecclesiis,
677 1905 855 1936 substantia
878 1905 929 1937 vel
953 1905 1098 1936 domibus
1123 1906 1292 1946 occupatis.
1342 1906 1424 1937 Dum
1451 1916 1525 1946 ergo
1549 1911 1712 1947 gementes

171 2068 180 2092 1
204 2069 318 2098 superius
342 2069 453 2097 neglecta
476 2069 551 2098 BRV,
584 2070 696 2098 superius
722 2069 855 2097 neglixisse
876 2076 905 2098 p,
933 2070 1101 2099 superioribus
1127 2069 1245 2098 neglectis
1271 2069 1291 2091 L
1430 2070 1488 2098 dyra
1507 2070 1559 2099 BV,
1586 2071 1645 2093 dura
1662 2079 1678 2100 p

101 2112 211 2134 aduersis
232 2111 260 2139 R,
286 2112 472 2134 aduersantibus
489 2119 505 2140 p
645 2112 761 2134 intulisse
780 2111 824 2133 BR
835 2111 880 2140 Vp:
902 2118 950 2134 non
970 2112 1086 2134 intulisse
1107 2111 1142 2139 L;
1166 2112 1223 2140 fort.
1246 2113 1289 2141 qui
1308 2113 1422 2142 superius
1442 2113 1520 2135 edicta
1544 2114 1587 2142 (nel
1605 2114 1709 2143 decreta)

102 2154 153 2176 dira
172 2154 294 2184 supplicia
314 2161 362 2177 non
382 2154 497 2177 intulisse
517 2161 548 2177 m.
656 2157 806 2177 monstratur
826 2154 846 2176 R
968 2154 981 2177 2
1002 2161 1058 2183 ergo
1078 2154 1129 2183 Rp:
1151 2162 1196 2178 0111.
1218 2155 1287 2177 BLV
1389 2157 1501 2178 omousin
1518 2163 1534 2185 p
1638 2157 1714 2186 inpli-

101 2198 161 2219 catis
180 2197 264 2226 BRVp
368 2200 457 2220 cuncta
473 2204 490 2226 p
604 2196 616 2219 3
637 2198 741 2221 numeri]
762 2197 814 2226 BV,
836 2199 860 2219 at
878 2205 902 2220 v.
923 2204 997 2226 supra
1015 2204 1039 2226 p.
1061 2196 1101 2225 42.
1124 2197 1154 2220 24
1267 2198 1416 2227 supradictis
1433 2206 1449 2227 p
1562 2199 1576 2221 4
1596 2200 1715 2222 abstimri

102 2239 168 2262 BLR
176 2239 203 2261 V.
226 2240 351 2262 abstinere
369 2247 384 2268 p
404 2242 424 2262 el
443 2240 516 2268 vulyo
621 2240 768 2269 permissum
789 2247 841 2263 esse
855 2240 875 2262 L
981 2239 995 2262 5
1015 2241 1119 2268 stringat
1136 2247 1151 2268 p
1258 2240 1270 2262 7
1291 2240 1349 2263 adeo
1368 2242 1428 2263 mei:
1450 2241 1504 2263 ideo
1518 2242 1573 2264 Lor.
1590 2243 1712 2271 etvu190;

101 2282 135 2310 ef.
149 2290 173 2311 p.
189 2282 230 2309 41,
250 2282 277 2305 13
382 2282 616 2312 praedamnantibus
630 2282 684 2311 Rp:
703 2282 883 2312 praedamnatis
902 2282 945 2305 BL
953 2282 972 2304 V
1074 2289 1179 2305 errorum
1200 2282 1219 2305 L
1324 2282 1337 2306 S
1357 2287 1482 2306 coerceant
1502 2284 1538 2313 Lp
1643 2286 1657 2308 9
1677 2292 1714 2307 er-

102 2326 154 2348 rore
173 2325 194 2348 B
309 2325 390 2348 domos
409 2325 456 2347 BV
569 2323 692 2357 occupati]
711 2328 817 2355 aucupet
836 2325 865 2354 R,
888 2328 1007 2355 occupent
1024 2334 1040 2355 p
1158 2326 1247 2349 militia
1269 2325 1303 2355 Rp
1428 2326 1456 2349 10
1475 2327 1592 2356 propositi
1611 2327 1682 2349 BLV

102 2368 217 2391 decursas
236 2367 272 2390 R:
293 2368 404 2391 decurias
423 2368 452 2395 B,
475 2368 583 2391 Decuma
602 2368 627 2396 V,
649 2369 768 2391 dictarum
788 2368 816 2397 L,
838 2368 958 2391 declarata
975 2376 1000 2397 p,
1022 2368 1156 2398 descriptas
1175 2368 1212 2392 ed.
1229 2369 1303 2391 Ruin.
1413 2369 1438 2392 11
1461 2370 1641 2399 surreptionem
1662 2370 1680 2392 L

105 2411 133 2435 12
153 2412 274 2439 contingit
292 2411 428 2440 promoueri
446 2419 461 2440 p
567 2411 675 2440 priuatos
695 2411 715 2433 B
737 2412 747 2433 1
767 2418 799 2434 m.
821 2418 881 2434 corr.
903 2417 931 2433 esc
950 2412 1070 2440 priuatus,
1092 2412 1200 2440 priuatas
1220 2411 1256 2434 ed.
1279 2411 1353 2434 Ruz'n.
1461 2415 1486 2435 et
1507 2413 1552 2435 loci
1571 2420 1618 2436 om.
1639 2421 1664 2442 p,
1691 2416 1715 2436 et

102 2455 157 2477 duci
177 2454 198 2476 R
339 2453 367 2476 13
387 2454 543 2483 promultatio
563 2454 583 2476 B
722 2454 842 2483 praecipit
861 2453 912 2482 Rp:
939 2454 1064 2483 praecepit
1083 2454 1158 2481 BLV,
1186 2453 1220 2482 cf.
1240 2462 1264 2483 p.
1287 2453 1327 2481 42,
1352 2453 1380 2477 10
1401 2457 1422 2477 et
1442 2454 1485 2481 28:
1513 2454 1554 2483 43,
1577 2455 1590 2478 :3
1609 2458 1630 2478 et
1650 2455 1680 2479 22

106 2497 133 2521 1⁴
159 2503 236 2526 poene
257 2498 330 2530 (pene
355 2497 384 2526 V)
412 2503 517 2525 congrue
537 2496 588 2523 Βῐῆ
618 2498 703 2526 poenis
728 2497 842 2524 congruis
865 2496 903 2519 ed.
926 2496 999 2519 Rutn.
1143 2496 1172 2520 15
1197 2497 1288 2519 talibus
1307 2500 1344 2519 est
1363 2499 1510 2527 praescripta
1530 2498 1550 2520 L
1570 2501 1590 2521 el
1609 2499 1682 2527 vulgo

103 2540 134 2564 20
154 2540 217 2569 quod
237 2539 280 2561 BR
289 2539 337 2568 Vp:
358 2546 404 2562 om.
426 2539 446 2562 L
465 2542 485 2561 et
503 2540 575 2568 vulyo
680 2540 808 2568 proficeret
825 2546 856 2568 p:
878 2540 994 2568 proficere
1017 2539 1107 2561 BLRV
1209 2539 1237 2562 21
1261 2541 1327 2563 fonte
1345 2541 1407 2562 mei:
1428 2547 1440 2562 e
1461 2541 1528 2563 fonte
1547 2541 1583 2564 ed.
1605 2541 1678 2564 Ruin.

102 2584 239 2613 profluente
258 2582 328 2604 BRV
430 2581 462 2605 22
480 2583 645 2612 praecipimus
665 2582 746 2604 BLV:
772 2583 877 2604 fecimus
896 2581 934 2610 Rp
1038 2582 1156 2611 quatinus
1176 2582 1235 2611 LRp
1340 2584 1454 2605 innotum
1475 2583 1495 2605 B
1599 2584 1629 2607 23
1649 2585 1717 2607 obta-

105 2632 158 2648 mus
178 2625 197 2648 L
301 2625 356 2647 data
375 2631 422 2647 om.
445 2624 481 2654 Rp
585 2628 654 2647 sexta
678 2624 698 2646 V
800 2624 883 2646 marcii
907 2624 926 2646 V
1029 2625 1151 2653 cartagine
1172 2624 1225 2654 BVy
1248 2624 1388 2654 Carthagini
1407 2633 1422 2655 p
1544 2626 1575 2648 25
1595 2628 1716 2655 cartagine

109 2669 133 2697 V,
156 2668 289 2696 carthagini
303 2667 339 2696 Bp
444 2670 559 2697 ceperant
572 2668 632 2690 BV.-
652 2670 750 2696 ceperat
770 2666 828 2695 LRp
848 2669 868 2689 et
887 2668 959 2695 vulyo
1063 2666 1094 2690 26
1115 2667 1178 2689 foras
1199 2667 1218 2690 L
1237 2670 1258 2690 et
1276 2668 1348 2696 vulgo
1454 2675 1534 2691 muros
1554 2668 1629 2697 LRp:
1649 2676 1716 2691 muro

105 2710 153 2733 BV
254 2709 285 2733 28
304 2710 468 2739 praestitisset
484 2710 557 2739 LRp:
580 2710 763 2739 praestitissent
777 2709 829 2737 BV,
852 2712 986 2739 praestaret
1000 2709 1036 2732 ecl.
1053 2709 1108 2732 Lor.
1125 2712 1146 2731 et
1159 2711 1232 2737 vulyo
1339 2710 1369 2732 2¹.)
1389 2711 1431 2732 hoc
1444 2718 1491 2734 om.
1505 2718 1521 2739 p
1625 2710 1653 2733 31
1677 2711 1719 2733 ha-

105 2754 187 2776 birent
207 2752 235 2782 R,
257 2753 367 2775 abierent
384 2760 400 2782 p
522 2759 704 2781 nonnumquam
724 2753 822 2775 omnino
839 2760 855 2781 p
989 2755 1014 2774 et
1032 2753 1094 2774 mei:
1114 2752 1156 2774 sed
1176 2756 1200 2775 et
1219 2752 1255 2775 ed.
1280 2752 1351 2775 Ram.
1488 2752 1518 2776 32
1540 2753 1581 2775 nbi
1600 2760 1646 2775 om.
1667 2761 1682 2782 p

106 2795 136 2819 33
157 2796 274 2819 ecclesiae
293 2795 329 2824 Rp
435 2795 574 2827 substantie
594 2795 640 2817 BV
742 2795 857 2817 omnibus
875 2802 891 2824 p
995 2798 1128 2824 occupatus
1148 2795 1193 2817 BV

1477 2845 1510 2869 6*

1740 619 1776 648 13

1740 1028 1776 1056 14

1742 1447 1777 1475 15

1741 1754 1778 1783 16
