2034 3108
761 185 987 212 PROOEMIVM.
1610 185 1687 216 XXI

65 299 131 327 tum
156 306 266 328 unam.
300 305 382 336 quae
406 296 474 327 sola
495 305 609 327 manus
633 305 703 327 cum
727 296 870 327 hostibus
894 300 1111 335 conseruerat,
1147 296 1180 327 in
1203 297 1369 328 castellum
1393 296 1552 337 quoddam
1576 307 1686 338 parum

68 354 191 386 firmum
223 355 422 395 confugisse.
458 355 514 386 sed
545 355 653 396 paullo
677 359 748 396 post
771 365 841 386 cum
866 356 978 386 ceteris
1002 356 1148 387 omnibus
1171 356 1305 387 Himerii
1329 355 1484 387 militibus
1508 356 1630 388 Stutiae
1654 366 1687 388 se

70 414 233 446 dedidisse
264 419 295 446 et
324 415 494 455 Procopius
526 418 557 446 et
584 414 740 455 Corippus
771 414 973 453 referuntffi).
1021 415 1179 446 Victoriae
1210 415 1305 446 huius
1336 415 1520 447 incruentae
1551 416 1686 448 fructum

66 474 238 505 maximum
262 474 365 505 Mauri
388 473 583 505 Hadrumeto
614 477 765 515 occupato
796 484 981 515 percepere,
1009 475 1098 506 cuius
1129 479 1235 516 portas
1259 475 1420 506 Himerius
1444 475 1512 516 ipse
1536 476 1684 516 hostium,

66 543 198 572 quorum
229 533 262 564 in
286 533 433 565 manibus
463 537 548 571 erat,
581 533 676 564 minis
699 533 827 564 territus
851 544 907 574 per
930 534 1140 575 proditionem
1164 534 1377 565 1·ese1·avit·‘’‘³'.
1426 534 1578 572 Quamvis
1601 535 1687 567 haud

65 592 110 623 ita
132 593 231 624 multo
255 596 327 633 post
350 597 382 624 et
404 593 635 624 Hadrumetum
659 593 794 624 Romani
817 598 1041 634 recuperarent
1062 597 1093 625 et
1115 593 1250 624 militum
1275 598 1447 635 capt‹‘›rum,
1475 595 1529 633 qui
1553 595 1687 626 Stutiam

65 652 290 692 sequebantur.
324 662 398 693 pars
422 663 539 692 magua
562 652 603 683 ad
626 652 826 693 imperatoris
850 653 1021 684 exercitum
1046 657 1265 685 reverteretur.
1296 657 1402 684 tamen
1425 654 1519 684 rebus
1543 654 1688 685 adversis

64 711 156 742 fracti
180 711 313 743 Romani
337 712 369 742 in
393 721 521 753 campos
543 715 670 752 apertos
693 711 865 753 procedere
888 722 950 743 non
973 712 1145 751 audebant,
1172 712 1229 743 sed
1253 712 1380 753 oppidis
1403 713 1532 744 munitis
1556 723 1590 744 se
1615 724 1688 745 con-

65 770 218 802 tinebant.
266 771 378 812 Neque
401 771 484 802 enim
501 771 644 812 Sergius,
671 781 764 811 quem
782 771 951 802 Solomone
975 775 1096 803 mortuo
1114 771 1308 802 Iustinianus
1325 772 1452 803 Africae
1476 773 1684 813 praefecerat,

66 830 219 862 militibus
248 841 350 872 neque
380 831 499 862 milites
529 831 641 871 Sergio
671 830 883 862 confidebant.
931 831 1033 862 Mauri
1063 836 1187 866 autem,
1222 831 1336 871 quibus
1368 842 1459 863 nemo
1491 833 1684 871 occurrebat,

65 899 174 921 omnes
204 900 261 931 per
283 890 463 931 provincias
486 890 654 921 Africanas
677 890 887 929 vagabantur.
936 890 1079 921 Tandem
1103 890 1231 922 Africae
1254 891 1411 922 laboranti
1435 892 1687 923 subveniendum

65 958 135 980 esse
165 949 324 981 intellexit
346 950 550 981 Iustinianus.
600 951 641 981 At
663 960 725 981 non
755 950 945 988 exercitum,
981 950 1037 981 sed
1061 950 1247 990 magistrum
1272 950 1407 982 militum
1431 951 1565 982 alterum
1590 952 1685 990 misit,

63 1008 288 1049 Ariobindum,
327 1019 434 1041 senem
469 1020 573 1041 10111111
604 1009 787 1040 militarium
820 1020 930 1050 parum
962 1010 1159 1050 pe1·itum‘³⁷).
1207 1010 1274 1040 Iam
1306 1010 1423 1051 copiis,
1461 1011 1575 1051 quibus
1608 1022 1688 1042 unus

65 1068 197 1108 Sergius
221 1069 420 1110 praefuerat,
448 1069 559 1100 divisis
583 1069 696 1110 Sergio
718 1069 870 1100 Numidia
894 1069 1067 1110 provincia,
1096 1070 1270 1101 Ariobindo
1294 1070 1463 1110 Byzacena
1487 1070 1687 1102 defendenda

64 1128 203 1159 obvenit.
251 1130 297 1159 Ac
326 1128 457 1169 Sergius
488 1129 617 1169 quidem
648 1128 754 1160 statim
784 1129 816 1159 in
847 1129 1031 1160 Numidiam
1062 1129 1211 1170 perrexit.
1259 1129 1452 1161 Ariobindus
1483 1134 1587 1161 autem
1620 1141 1690 1161 cum

63 1188 212 1219 Antalam
243 1192 275 1220 et
297 1188 432 1219 Stutiam
462 1198 559 1229 prope
583 1188 706 1219 Siccam
731 1189 900 1220 Veneriam
939 1199 1029 1229 =nune
1051 1189 1080 1220 el
1106 1189 1178 1227 Kef,
1197 1193 1252 1228 ³⁸),
1286 1194 1391 1220 castra
1423 1190 1569 1230 posuisse
1599 1190 1690 1221 audi-

63 1247 177 1287 visset,
211 1248 290 1279 nihil
321 1251 459 1279 moratus
482 1248 656 1280 Iohannem
681 1248 844 1279 Sisinnioli
875 1248 977 1279 filium
1008 1259 1079 1280 cum
1111 1249 1236 1280 delecta
1267 1249 1401 1280 militum
1432 1259 1526 1279 mann
1559 1260 1595 1280 eo
1618 1260 1691 1290 pro—

63 1306 154 1347 gredi
177 1307 287 1347 iussit,
321 1318 340 1338 a
363 1308 494 1348 Sergio,
527 1312 560 1339 nt
583 1308 691 1348 copias
719 1318 789 1339 cum
812 1308 954 1339 Iohanne
976 1308 1124 1348 iungeret
1146 1312 1178 1339 et
1200 1318 1264 1339 una
1287 1318 1357 1339 011111
1382 1318 1419 1339 co
1442 1308 1551 1340 hostes
1574 1319 1690 1349 aggre-

63 1366 208 1405 deretur,
242 1367 356 1398 litteris
385 1367 507 1408 petivit.
564 1368 651 1405 Quas
682 1377 751 1398 011111
781 1367 913 1408 Sergius
944 1378 1072 1408 prorsus
1103 1368 1315 1407 neglexisset,
1350 1367 1501 1399 Iohannis
1533 1369 1691 1400 exercitus

62 1436 180 1467 parvus
205 1427 291 1458 solus
321 1437 390 1458 cum
421 1427 565 1458 hostibus
596 1437 726 1458 1111111010
758 1428 853 1467 longe
885 1427 1101 1468 superioribus
1131 1427 1284 1458 conflixit.
1332 1428 1475 1468 Procopii
1499 1428 1526 1459 si
1550 1428 1689 1460 historiis

63 1485 140 1516 solis
163 1490 340 1521 uteremur,
374 1496 471 1528 prope
496 1487 619 1518 Siccam
651 1497 791 1527 pugnam
820 1487 1020 1518 commissam
1052 1497 1123 1518 esse
1153 1487 1234 1519 scire
1266 1487 1343 1518 satis
1374 1487 1574 1519 haberemus.
1625 1488 1689 1519 Sed

62 1545 126 1576 alio
150 1555 166 1576 e
190 1545 275 1577 fonte
298 1547 406 1587 paullo
429 1546 608 1578 accuratius
632 1556 759 1587 pugnae
783 1547 885 1577 locum
909 1546 1164 1587 designabimus,
1197 1547 1332 1578 Victoris
1356 1548 1583 1579 Tununnensis
1607 1548 1685 1587 loco,

63 1614 124 1644 quo
148 1605 291 1646 oppiduli
316 1606 358 1637 ad
380 1606 465 1645 quod
488 1606 648 1638 exercitus
671 1606 833 1646 congressi
858 1609 947 1645 sunt,
975 1616 1088 1637 nomen
1112 1606 1284 1637 memoriae
1308 1606 1458 1638 traditum
1483 1609 1596 1647 est2'2‘):

152 1678 240 1713 'post
267 1674 465 1705 consulatum
490 1674 603 1705 Basilii
627 1685 655 1705 v.
683 1684 711 1705 0.
737 1684 819 1705 anno
842 1674 869 1705 V
898 1676 979 1713 ¹545)
1009 1675 1105 1705 Stuza
1135 1678 1290 1714 tyrannus
1320 1675 1406 1715 apud
1430 1675 1569 1706 Africam
1594 1680 1687 1717 portu

61 1733 187 1765 Taceae
212 1734 437 1774 congressione
461 1734 546 1765 facta
568 1734 697 1765 Ioannis
714 1734 876 1764 Romanae
900 1734 1033 1765 militiae
1058 1734 1147 1765 ducis
1170 1734 1274 1765 iaculo
1299 1744 1468 1775 percussus
1490 1739 1538 1766 est
1554 1736 1686 1776 parique

60 1792 128 1824 vice
160 1796 190 1824 et
213 1793 348 1824 Ioannes
373 1794 503 1833 Stuzae,
536 1794 589 1834 qui
619 1794 785 1825 confestim
815 1794 968 1825 alterutro
992 1794 1114 1833 utrique
1139 1794 1247 1834 gladio
1271 1794 1453 1825 ceciderunt.
1477 1798 1508 1825 et
1531 1795 1687 1827 dominico

62 1852 126 1891 die,
154 1862 215 1892 quo
238 1863 348 1893 pugna
371 1854 455 1885 faeta
479 1857 537 1886 est.
569 1853 771 1884 moriuntur'.

147 1921 209 1951 Vbi
232 1922 340 1952 Tacea
363 1921 424 1952 sita
448 1921 553 1961 fuerit,
581 1921 720 1953 dubitari
744 1921 862 1961 nequit.
910 1922 946 1952 In
970 1922 1096 1953 Tabula
1119 1922 1202 1953 enim
1222 1922 1456 1962 Peutingerana
1472 1922 1595 1954 Thacia
1619 1934 1686 1954 me-

62 1984 211 2018 moratur,
238 1981 322 2021 quod
346 1980 496 2021 oppidum
520 1981 553 2011 in
576 1981 629 2012 via
646 1981 905 2021 Carthaginiensi
929 1981 1024 2012 situm
1049 1985 1080 2012 et
1095 1991 1135 2011 m.
1163 1992 1194 2022 p.
1214 1981 1323 2011 XXVI
1346 1992 1366 2012 a
1382 1981 1475 2013 Sicca
1498 1982 1680 2023 (listans100)

62 2039 198 2071 eundem
226 2039 292 2071 fere
321 2041 423 2072 locum
454 2040 574 2079 tenuit,
607 2051 701 2081 quem
732 2051 815 2072 nunc
845 2041 932 2072 vicus
956 2041 1051 2082 Bordj
1078 2041 1295 2077 Massudilffl).
1344 2042 1491 2073 Ceterum
1515 2052 1577 2073 non
1601 2043 1687 2083 apud

149 2202 188 2230 95)
210 2203 262 2226 Ioh.
284 2203 320 2226 IV
339 2203 369 2226 41
391 2204 465 2226 ardua
484 2207 562 2227 castra
580 2205 643 2233 gerit
663 2205 755 2234 campis
776 2204 854 2227 Cebar
872 2205 956 2227 addita
975 2204 1076 2234 apertis.

64 2244 115 2267 Hoc
135 2252 207 2268 versu
228 2252 318 2268 nomen
338 2246 435 2269 castelli
455 2247 616 2276 scriptoribus
635 2248 725 2269 ceteris
744 2248 856 2275 ignotum
877 2247 998 2276 Corippus
1019 2246 1151 2269 memoriae
1170 2246 1302 2269 tradidisst¹
1323 2247 1429 2270 videtur.

148 2295 188 2326 96)
210 2297 277 2320 Proc.
299 2298 323 2320 b.
345 2297 426 2321 Vand.
447 2298 471 2320 11
491 2297 531 2321 23.
570 2298 624 2321 Cor.
647 2298 697 2321 Ioh.
720 2298 754 2320 IV
774 2297 817 2321 04.

148 2346 188 2376 97)
211 2347 278 2372 Proc.
300 2349 324 2372 b.
345 2348 427 2371 Vand.
450 2349 473 2371 11
493 2348 534 2372 24.
574 2348 628 2372 Cor.
650 2349 701 2371 loh.
724 2349 757 2371 IV
777 2347 887 2372 82—86.

149 2397 190 2427 98)
212 2398 305 2421 Guerin
325 2399 386 2428 Voy.
409 2400 474 2423 arch.
495 2400 555 2423 dans
574 2401 597 2422 la
615 2400 718 2428 regence
738 2401 767 2422 de
787 2400 866 2422 Tunis
886 2400 908 2421 II
928 2406 951 2428 p,
975 2398 1085 2424 53-71.

149 2449 188 2479 99)
211 2449 278 2473 Vict.
301 2450 365 2473 Tun.
388 2450 498 2473 Roncalli
517 2450 541 2473 II
562 2458 586 2480 p.
608 2450 666 2474 371.

150 2500 206 2530 100)
229 2501 292 2524 Cum
311 2502 366 2525 viae
384 2502 510 2531 antiquae,
531 2508 579 2531 qua
592 2501 683 2525 Mustis
696 2504 794 2524 veteres
809 2501 902 2524 Siccam
922 2501 1045 2527 meabant.
1068 2501 1171 2529 vestigia
1191 2504 1276 2523 extent
1300 2501 1399 2523 *Grcnxn
1416 2501 1517 2531 Temple
1532 2502 1683 2524 Excursions

39 2534 89 2564 *in
110 2543 152 2566 the
171 2543 370 2567 Mediterranean
390 2544 413 2567 11
434 2552 457 2574 p.
481 2544 539 2568 282.
572 2545 645 2567 Barth
665 2544 857 2572 Wandcrungen
877 2544 911 2565 im
929 2550 990 2573 pun.
1014 2544 1062 2566 und
1085 2544 1169 2571 1111011.
1192 2544 1348 2566 lx'iistenland
1370 2552 1393 2573 p.
1416 2544 1474 2567 221.
1514 2544 1572 2567 Rev.
1595 2544 1650 2566 Afr.
1672 2544 1683 2565 I

63 2593 87 2615 p.
110 2585 179 2614 371),
201 2587 230 2609 de
249 2587 303 2609 viae
322 2587 399 2610 huius
418 2587 573 2615 longitudine
594 2590 689 2610 certum
708 2587 830 2609 iudicium
850 2587 957 2615 proferre
976 2586 1041 2609 licet.
1083 2587 1156 2608 Recte
1178 2587 1301 2609 ltinerurii
1316 2587 1437 2609 Antonini
1454 2594 1478 2616 p.
1495 2587 1536 2615 45,
1553 2586 1567 2609 *2
1587 2587 1682 2609 xxxn

62 2635 95 2651 m.
116 2635 141 2658 p.
162 2629 228 2652 inter
247 2629 341 2652 Siccam
365 2633 389 2652 et
407 2629 502 2652 Mustos
528 2630 673 2653 interfuisse
698 2630 820 2652 feruntur.
860 2630 887 2651 In
908 2629 967 2651 Tab.
990 2629 1061 2651 Peut.
1085 2629 1118 2650 lV
1140 2629 1173 2656 E,
1201 2630 1241 2651 ubi
1269 2630 1325 2651 olim
1353 2634 1417 2652 corte
1443 2629 1501 2651 haee
1520 2630 1678 2658 legebantur:

62 2670 140 2693 Musti
152 2684 186 2687 —
200 2671 294 2693 V11—
307 2671 399 2694 Thacia
411 2685 444 2688 —
459 2672 554 2694 vl1-
567 2672 710 2695 Drusiliana
723 2685 756 2688 —-
770 2672 817 2693 VH
830 2683 865 2688 --
878 2671 980 2700 Siguese
994 2685 1026 2687 —
1040 2672 1086 2693 Xll
1101 2685 1134 2688 -—
1149 2671 1217 2693 sim-a
1234 2672 1339 2694 Veneria
1353 2686 1385 2689 —
1400 2672 1472 2694 XXX
1486 2686 1519 2688 —
1534 2672 1677 2699 Naraggara,

60 2713 153 2736 librarii
173 2720 253 2737 errore
272 2716 405 2738 manifesto
424 2715 520 2737 numeri
539 2715 589 2737 XII
608 2718 632 2738 et
651 2715 725 2737 XXX
750 2715 815 2737 inter
842 2721 867 2737 se
887 2715 1028 2736 commutati
1053 2718 1119 2736 sunt,
1160 2715 1177 2737 Ι.
1203 2714 1299 2737 Partsch
1322 2715 1417 2737 Africae
1437 2714 1535 2736 Veteri<
1556 2714 1681 2735 itineraria

60 2756 219 2785 explicantur
237 2760 262 2780 et
281 2758 453 2780 emendantur.
492 2757 657 2780 Vratislaviae
679 2756 742 2780 1874
762 2764 785 2786 p.
809 2756 848 2779 53.

151 2808 204 2837 101,
226 2809 319 2831 Gue‘rin
338 2809 436 2837 Voyage
455 2809 520 2831 arch.
541 2808 601 2831 dans
620 2809 642 2830 la
662 2809 764 2836 rv‘gence
784 2808 813 2829 de
833 2808 909 2830 Tunis
930 2808 951 2829 ll
972 2815 995 2836 p,
1018 2808 1058 2830 ⁴³7.
