2034 3108
528 155 625 180 rsus.
650 154 903 181 WANDALwAl«)
925 157 947 181 11
969 157 980 187 ᾗ
1007 158 1099 180 11413
1128 157 1160 187 <11
1182 166 1204 182 c.
1228 158 1266 181 17.
1293 159 1340 187 isi.
1696 161 1733 188 25,

129 258 189 278 uon
207 251 350 288 poterant
365 247 519 281 nubilare.
547 259 583 279 eo
601 249 684 288 quod
702 249 789 279 Felix
810 249 975 281 universae
993 250 1110 281 civitati
1135 251 1321 282 manifestus
1345 256 1428 282 essct
1451 256 1481 283 et
1505 257 1605 283 notus.
1633 256 1737 283 tamen

129 299 277 330 volebant
305 309 393 330 eum.
427 299 453 330 si
484 300 532 330 sas
557 303 657 339 esset.
692 310 822 338 necare,
857 301 1013 340 quomodo
1038 301 1148 333 Iudaei
1179 302 1362 333 suscitatum
1388 303 1538 333 Lazarum
1570 303 1739 344 cupiebant

129 349 282 381 occidere.

214 401 332 431 XVIII.
362 401 643 442 Adpropinquabat
666 401 727 432 iam
754 402 876 433 futurus
901 403 969 434 dies
992 403 1048 434 ille
1072 404 1285 435 calumniosus
1308 404 1525 435 Kalendarum
1549 406 1737 437 Februaria—

97 462 108 479 5
130 461 208 490 rum,
235 452 274 482 ab
299 452 408 483 eodem
434 455 580 483 statutus.
621 453 819 484 Conveniunt
842 464 902 484 non
927 455 1026 484 solum
1051 455 1218 486 universae
1238 454 1375 494 Africae7
1403 465 1509 486 verum
1534 457 1627 487 etiam
1650 457 1739 488 insu-

80 717 107 736 10

77 1230 106 1250 20

77 1746 89 1764 3
94 1747 106 1764 0

129 503 229 534 larum
253 504 420 534 multarum
445 503 595 544 episcopi.
622 503 791 535 afflictione
816 507 846 535 et
869 515 1009 536 maerore
1034 506 1177 537 confecti.
1226 506 1277 537 Fit
1300 506 1459 537 silentium
1484 507 1594 538 diebus
1618 509 1734 539 multis.

128 563 289 594 quousque
319 555 435 595 peritos
466 565 606 594 quosque
637 558 668 586 et
698 555 898 587 doctissimos
929 557 1011 588 viros
1042 557 1156 588 exinde
1188 561 1368 598 separaret,
1398 558 1564 589 calumniis
1587 559 1739 600 adpositis

128 605 315 636 enecandos.
364 606 444 636 Nam
480 616 575 637 unum
609 616 649 637 ex
682 607 749 647 ipso
781 607 873 638 elioro
904 608 1082 647 doctorum,
1116 609 1240 640 nomine
1272 609 1420 640 Laetum.
1455 613 1615 640 strenuum
1645 614 1738 650 atquc.

128 656 342 688 doctissimum
367 657 477 688 virum.
505 661 574 698 post
597 657 761 689 diuturnos
784 659 920 689 carceris
945 660 1107 699 squalores
1131 659 1277 690 incendio
1301 660 1526 699 concremavit7
1553 661 1734 692 aestimans.

128 707 184 738 tali
214 709 358 749 exemplo
387 709 529 739 timorem
560 709 730 740 incutiens,
765 710 902 749 reliquos
926 710 1089 741 elisurum.
1137 711 1279 741 Tandem
1303 711 1429 741 venitur
1451 711 1491 742 ad
1515 711 1738 752 disputationis

128 758 321 797 conflictum,
349 759 390 790 ad
414 760 515 790 locum
540 760 659 791 scilicet
682 770 775 799 quem
800 761 986 801 delegerant
1008 762 1193 793 adversarii.
1243 762 1386 793 Vitantes
1416 761 1513 801 igitur
1535 763 1631 793 nostri
1654 764 1739 794 voci—

127 809 289 841 ferationis
305 811 468 849 tumultus,
495 822 533 841 ne
551 811 630 842 forte
647 812 845 852 postmsulum
863 813 987 844 Arriani
1004 813 1155 852 dicerent,
1183 813 1266 853 quod
1283 823 1336 844 eos
1352 816 1526 844 nostrorum
1550 815 1741 854 oppresserit

127 861 305 902 multitudo,
333 862 477 903 deligunt
502 862 540 893 de
565 872 598 893 se
621 863 729 894 nostri.
757 863 809 903 qui
834 874 888 904 pro
912 865 1057 895 omnibus
1081 865 1318 905 responderent,
1346 864 1467 895 decem.
1508 865 1657 896 Conlocat
1679 866 1738 897 sibi

128 913 236 953 Cyrila
251 923 320 944 euni
338 914 403 944 suis
419 914 608 945 satellitibus
625 915 657 945 in
682 915 748 945 loeo
771 916 897 946 excelso
922 916 1182 957 superbissimum
1206 917 1362 947 thronum.
1389 916 1589 947 adstantibus
1613 918 1736 948 nostris.

96 975 107 991 7·
128 964 343 1004 Dixeruntque
359 965 455 996 nostri
479 965 636 1006 episcopi:
664 966 719 996 illa
744 970 792 997 est
815 976 939 1007 semper
962 971 1053 1007 grata
1077 968 1214 1007 collatio,
1242 968 1295 998 ubi
1319 968 1455 1008 superba
1479 978 1538 998 nou
1563 968 1740 1000 diuninatur

127 1015 292 1056 potestatis
316 1016 427 1048 elatio.
462 1016 518 1047 sed
549 1027 587 1047 ex
618 1027 771 1048 consensu
804 1018 960 1049 communi
991 1019 1131 1051 venitur.
1166 1022 1199 1050 ut
1229 1019 1442 1059 cognitoribus
1474 1019 1735 1052 discernentibus.

126 1067 269 1107 partibus
298 1068 479 1107 agentibus.
515 1068 599 1108 quod
630 1079 737 1099 verum
769 1072 817 1100 est
847 1073 1049 1109 agnoscatur.
1096 1071 1187 1101 Nunc
1217 1074 1321 1101 autem
1354 1070 1406 1109 qui
1431 1070 1489 1101 erit
1511 1070 1659 1110 cognitor,
1687 1072 1739 1110 qui

127 1118 340 1157 examinator7
373 1123 405 1150 ut
428 1119 507 1150 libra
530 1120 670 1151 iustitiae
693 1124 747 1151 aut
770 1121 849 1151 bene
873 1121 997 1161 prolata
1021 1122 1182 1152 confirmet
1204 1124 1258 1152 aut
1282 1131 1378 1162 prava
1404 1121 1573 1161 adsumpta
1595 1123 1740 1153 refellat?

126 1170 166 1200 Et
189 1179 258 1200 eum
281 1170 359 1201 talia
383 1173 414 1201 et
436 1170 500 1201 alia
524 1171 718 1209 dicerentur7
753 1172 892 1203 notarius
924 1173 1007 1213 regis
1031 1173 1208 1213 respondit:
1244 1172 1420 1213 patriarcha
1446 1173 1555 1213 Cyrila
1579 1173 1658 1204 (lixit
1680 1174 1740 1204 ali-

127 1230 217 1261 quos.
264 1221 406 1262 Superbe
437 1225 467 1252 ct
497 1222 607 1253 illicite
639 1222 697 1253 sibi
730 1233 842 1253 nomen
867 1227 1050 1264 usurpatum
1075 1224 1171 1255 nostri
1195 1224 1391 1255 detestantes
1415 1224 1577 1255 dixerunt:
1616 1225 1740 1265 legatur

126 1271 216 1303 nobis
245 1283 306 1312 quo
339 1273 529 1304 eoncedente
558 1273 642 1305 istud
674 1274 733 1304 sibi
762 1285 875 1305 nomen
900 1275 1006 1314 Cyrila
1031 1274 1218 1315 adsumpsit.
1266 1275 1305 1306 Et
1334 1275 1447 1306 exinde
1479 1275 1641 1315 strepitum
1666 1286 1739 1307 con-

126 1323 259 1355 citantes
282 1324 469 1355 calumniari
493 1325 667 1356 adversarii
691 1330 871 1366 coeperunt.
922 1326 960 1357 Et
982 1326 1056 1365 quia
1081 1326 1137 1357 11111ὶ
1162 1326 1258 1357 nostri
1281 1326 1453 1367 petierant.
1488 1330 1521 1357 ut
1548 1327 1677 1365 saltem,
1712 1328 1737 1358 si

125 1375 307 1407 examinare
322 1386 384 1406 non
408 1375 524 1407 licebat
546 1376 692 1417 prudenti
715 1377 920 1415 multitudini,
948 1378 998 1408 vel
1023 1381 1190 1418 expectare
1215 1378 1332 1416 liceret,
1361 1378 1507 1409 iubentur
1523 1378 1662 1408 universi
1681 1378 1737 1409 filii

125 1426 299 1458 catholicae
330 1427 483 1458 ecelesiae
514 1428 565 1468 qui
596 1427 729 1459 aderant
754 1429 894 1459 centenis
918 1428 1055 1459 fustibus
1078 1429 1180 1460 tundi.
1228 1430 1316 1460 Tune
1340 1429 1475 1460 clamare
1500 1429 1602 1470 eoepit
1626 1430 1736 1460 beatus

93 1489 104 1506 5
124 1477 302 1518 Eugenius:
330 1478 438 1510 videat
460 1479 538 1509 deus
561 1479 624 1510 vim
648 1489 741 1518 quam
765 1480 909 1520 patimur,
938 1483 1105 1520 cognoseat
1129 1479 1342 1519 afflictionem7
1370 1490 1464 1519 quam
1488 1491 1507 1511 a
1530 1481 1737 1521 persecutori-

124 1529 183 1560 bus
207 1529 408 1560 sustinemus.
454 1530 667 1570 Conversique
691 1531 787 1562 nostri
812 1531 939 1571 Cyrilae
963 1531 1126 1562 dixerunt:
1162 1542 1298 1572 propone
1322 1532 1405 1572 quod
1429 1532 1578 1573 disponis.
1628 1533 1736 1572 Cyrila

126 1580 220 1612 dixit:
254 1580 359 1612 neseio
390 1581 497 1612 latine.
546 1581 651 1612 Nostri
680 1581 820 1622 episcopi
852 1582 1012 1613 dixerunt:
1046 1592 1171 1623 semper
1200 1586 1230 1614 te
1258 1583 1356 1614 latine
1380 1593 1450 1614 esse
1474 1584 1610 1614 locutum
1634 1584 1735 1614 mani-

126 1631 206 1663 festo
244 1632 407 1670 novimus,
452 1633 543 1664 modo
578 1642 729 1672 excusare
763 1643 825 1664 non
860 1633 974 1672 debes7
1017 1633 1203 1674 praesertim
1238 1634 1312 1674 quia
1349 1638 1382 1665 tu
1417 1634 1509 1665 huius
1543 1635 1587 1665 rei
1627 1635 1735 1665 ineen-

126 1683 212 1714 dium
242 1683 411 1715 suscitasti.
460 1685 500 1715 Et
529 1684 639 1715 videns
670 1684 841 1716 catholicos
871 1685 1036 1726 episcopos
1066 1685 1107 1716 ad
1138 1685 1314 1717 conflictum
1345 1686 1448 1725 magis
1472 1686 1570 1717 fuisse
1594 1690 1730 1727 paratos.

127 1734 251 1765 omnino
281 1734 476 1766 audientiam
501 1735 636 1767 diversis
660 1736 916 1767 cavillationibus
940 1736 1120 1767 declinavit.
1178 1737 1268 1774 Quod
1291 1741 1364 1769 ante
1386 1737 1484 1768 nostri
1514 1738 1734 1778 praevidentes

128 1786 271 1817 libellum
295 1786 335 1818 de
357 1786 420 1817 tide
444 1787 703 1827 conscripserant,
731 1787 808 1818 satis
832 1787 980 1819 decenter
1003 1788 1257 1828 sufficienterque
1277 1789 1496 1829 conscriptum.
1524 1789 1679 1820 dieentes:
1708 1789 1733 1820 si

127 1841 267 1869 nostram
290 1837 384 1869 fidem
408 1848 596 1878 cognoscere
617 1838 815 1878 desideratis.
843 1839 922 1870 haee
946 1845 993 1870 est
1015 1839 1131 1871 veritas
1154 1850 1248 1879 quam
1272 1843 1426 1871 tenemus.

198 1976 205 1999 1
229 1979 362 2006 potueruut
382 1976 418 2006 Rp
552 1977 566 1999 4
586 1975 646 2009 iam]
665 1980 745 1999 autem
767 1977 787 1999 L
908 1978 950 1999 ille
970 1980 994 1999 et
1010 1986 1026 2007 p
1160 1977 1172 2000 7
1193 1978 1284 2000 exinde
1304 1978 1411 2000 BLRV:
1438 1978 1537 2000 interim
1556 1987 1571 2007 p
1590 1981 1609 2000 el
1632 1979 1700 2007 vulyn

128 2019 142 2041 b
162 2019 282 2041 necandos
301 2019 338 2048 Rp
442 2019 519 2042 letum
540 2020 576 2049 Lp
698 2020 712 2041 9
732 2020 878 2042 existimans
899 2021 980 2042 tuatim
1106 2021 1133 2043 lo
1153 2021 1215 2050 quod
1236 2021 1278 2043 tali
1297 2021 1334 2049 Rp
1445 2022 1530 2043 timore
1551 2021 1596 2042 151⁷
1697 2023 1735 2043 in-

127 2065 222 2085 cuteret
239 2070 264 2091 p.
285 2064 412 2084 excuteret
432 2062 452 2084 R
556 2063 667 2091 reliquiis
688 2063 733 2085 (vel
753 2063 872 2091 reliquus)
894 2063 1018 2086 elesurnm
1041 2063 1069 2091 R,
1091 2064 1218 2092 reliquisse
1239 2064 1345 2085 lesurum
1366 2064 1437 2086 Rern.
1466 2064 1567 2093 reliquis
1585 2067 1609 2086 et
1629 2065 1733 2086 lesuram

126 2112 154 2134 ρ,
187 2105 293 2134 reliquos
312 2112 337 2127 se
357 2105 476 2128 elisurum
501 2105 538 2128 ecl.
560 2105 634 2128 Rata.
778 2105 803 2128 11
832 2106 957 2133 elegerant
973 2114 989 2135 p
1127 2107 1252 2128 euitantes
1278 2106 1298 2128 L
1317 2108 1338 2128 et
1356 2107 1427 2135 1111190
1566 2110 1661 2129 nostrae
1680 2107 1701 2129 R

131 2147 159 2170 12
179 2150 253 2171 nostr.
275 2155 344 2177 oppr.
366 2146 510 2179 multitudo]
529 2148 616 2177 aliquis
635 2151 771 2171 nostrorum
791 2149 938 2178 obpresserit
956 2149 994 2177 Rp
1120 2149 1146 2171 13
1167 2149 1273 2177 diligunt
1292 2149 1322 2177 R,
1344 2150 1439 2178 eligunt
1458 2149 1487 2177 L,
1508 2157 1542 2171 cm
1560 2149 1672 2178 dilegunt
1691 2151 1701 2171 ἴ)

128 2191 158 2214 de
177 2197 229 2213 sese
246 2198 262 2220 p
383 2190 472 2213 eolocat
495 2191 513 2212 V
652 2190 681 2213 14
701 2191 783 2219 cyrilla
802 2191 821 2213 L
841 2193 862 2213 et
881 2192 914 2213 sic
934 2191 994 2213 idem
1013 2192 1077 2214 alias
1196 2192 1324 2214 satellibus
1350 2192 1369 2213 V
1487 2193 1622 2215 astantibus
1641 2193 1700 2222 LRp

130 2233 160 2256 15
180 2233 221 2256 illo
240 2233 278 2262 Rp
391 2240 486 2262 semper
504 2236 542 2255 est
561 2234 597 2256 ecl.
619 2233 696 2256 Ruin.
815 2237 889 2256 tracta
908 2235 1034 2257 collocutio
1053 2234 1082 2262 R,
1105 2234 1228 2257 tractando
1247 2235 1336 2257 locutio
1353 2243 1369 2263 p
1493 2235 1521 2257 lti
1540 2237 1668 2264 potestatis
1686 2244 1732 2259 om.

128 2276 199 2299 BLV
330 2275 356 2298 17
377 2279 459 2298 autem
478 2283 523 2299 om.
546 2276 617 2298 BLV
735 2277 776 2305 qui
797 2295 801 2299 .
820 2295 824 2299 .
847 2277 888 2306 qui
908 2277 1014 2299 RLRV:
1041 2278 1096 2306 quis
1116 2295 1122 2301 .
1138 2296 1144 2301 .
1165 2278 1220 2306 quis
1238 2285 1254 2306 p
1272 2280 1293 2299 et
1311 2278 1384 2305 vrulyo
1516 2277 1544 2300 ls
1563 2276 1602 2309 ut]
1622 2279 1660 2300 uel
1681 2279 1700 2300 L

127 2319 187 2341 libra
206 2318 253 2341 RV
388 2318 481 2348 prolati
505 2319 522 2340 V
658 2322 732 2349 praua
751 2320 881 2349 adsumpta
900 2320 954 2347 BV,
983 2326 1059 2349 praue
1082 2323 1209 2349 assumpta
1229 2320 1248 2342 L
1267 2323 1287 2343 et
1305 2321 1387 2349 vulno,
1418 2321 1502 2350 probra
1521 2324 1644 2349 assumpta
1664 2321 1700 2350 Rp

130 2361 159 2385 19
178 2362 236 2384 talia
253 2362 349 2391 aliaque
370 2361 390 2383 L
511 2361 620 2384 dicerent
636 2370 653 2391 p
774 2363 868 2391 aliquos
890 2362 931 2387 (sc,
953 2364 992 2391 qui
1012 2370 1058 2384 rem
1078 2365 1251 2391 coynosverent„
1278 2363 1312 2385 R.-
1341 2364 1435 2392 aliquos
1458 2366 1568 2386 uestrum
1587 2371 1614 2393 p,
1646 2365 1734 2393 aliquis

129 2405 203 2428 Bern.
232 2405 326 2434 aliquos
345 2405 450 2433 superbe
471 2422 475 2427 .
495 2423 499 2427 .
521 2404 639 2427 dixerunt
657 2412 702 2427 orn.
719 2405 801 2431 BL1'‚-
822 2405 895 2429 dixit.
925 2405 963 2427 Ad
982 2406 1044 2434 quod
1066 2407 1170 2435 superbe
1189 2408 1231 2428 etc.
1252 2406 1287 2428 ed.
1304 2406 1378 2429 Ruin.
1486 2406 1517 2428 2⁰
1537 2413 1666 2436 usurpasse
1684 2415 1700 2436 p

128 2447 279 2470 detestantes
298 2447 372 2470 Rern.
393 2447 499 2469 destanti
519 2447 548 2474 R,
574 2448 657 2470 testati
675 2455 700 2476 p,
726 2448 841 2470 detestati
860 2447 897 2470 etl.
920 2448 994 2470 Ruin.
1101 2448 1129 2471 *21
1153 2449 1220 2471 cirila
1239 2455 1327 2471 nomeu
1346 2448 1367 2470 R
1471 2451 1495 2471 et
1514 2456 1559 2471 om⁴
1583 2449 1600 2471 V
1702 2451 1735 2472 ci-

128 2492 208 2513 tantes
225 2498 241 2519 p
345 2489 376 2512 22
395 2490 534 2512 aduersario
548 2490 569 2512 R
672 2491 789 2520 petebant
807 2499 821 2519 p
927 2490 957 2513 23
977 2497 1024 2513 11011
1044 2491 1101 2513 lieet
1117 2499 1134 2520 p
1238 2491 1269 2514 25
1290 2492 1412 2513 Eusebius
1430 2499 1445 2520 p
1556 2494 1670 2518 agnoscat
1684 2500 1700 2521 p

127 2533 284 2555 afflictionem
305 2532 357 2562 Rp:
377 2533 535 2555 afflictionem
555 2534 750 2562 persecutionem
771 2533 813 2555 BL
823 2534 846 2559 V,
868 2533 1027 2556 afflictionem
1047 2536 1071 2556 et
1090 2534 1285 2563 persecutionem
1304 2534 1341 2557 ed.
1363 2534 1438 2557 Ruin.
1568 2534 1597 2557 ’.ΞΤ
1617 2535 1734 2556 dixerunt

128 2575 235 2605 episcopi
255 2575 291 2604 Rp
413 2576 542 2597 manifeste
562 2575 599 2604 Rp
720 2575 751 2598 *35
771 2583 888 2598 excusare
906 2577 968 2598 mei:
994 2576 1106 2598 excusari
1125 2576 1161 2599 cd.
1183 2576 1257 2598 Ιίιιίη.
1382 2576 1412 2599 :3⁰
1432 2577 1530 2599 omnino
1551 2596 1554 2599 .
1574 2595 1578 2599 .
1599 2577 1732 2599 declinauit

130 2617 236 2639 BLRV:
256 2618 354 2640 omnino
373 2618 469 2640 uolebat
489 2635 493 2640 .
512 2636 516 2640 .
538 2618 661 2640 declinare
679 2625 695 2646 p
713 2620 735 2640 et
753 2619 825 2646 rnumo
930 2618 958 2640 :51
980 2619 1176 2648 conscripserunt
1194 2619 1224 2646 R,
1246 2619 1396 2648 scripserunt
1414 2627 1429 2647 p

207 2837 290 2857 Vin-ron
306 2837 415 2856 Vin-:ustsn
1522 2841 1527 2863 ι

1766 714 1804 741 ῦ3

1767 1176 1803 1203 .'›-1
