2034 3108
748 164 974 191 PROOEMIVM.
1526 166 1671 196 XXXIII

48 274 231 313 Sequuntur
246 284 355 305 versus
376 274 437 305 duo
460 274 623 305 intellectu
647 278 710 305 tam
735 274 892 313 difficiles,
920 279 961 314 ut,
989 286 1063 307 num
1087 286 1214 317 prorsus
1237 276 1368 316 genuini
1391 276 1522 317 sanique
1546 277 1587 307 ad
1611 286 1667 308 nos

48 333 258 374 pervenerint.
287 333 426 365 dubitem
439 335 485 354 1751
496 359 501 364 .

356 401 387 432 II
412 403 450 433 75
474 411 531 433 nec
555 405 682 433 cessant
704 402 839 442 populos
862 402 993 433 infausti
1017 403 1139 434 mittere
1164 404 1284 444 campi,

473 462 550 493 quos
574 453 738 483 Talanteis
762 453 865 484 nutrix
890 454 1029 494 suscepit
1051 454 1090 484 ab
1115 454 1199 484 arvis

473 504 647 535 Tillibaris.

47 571 194 602 Tillibari
217 575 389 602 memorata
413 575 533 603 tantum
557 575 678 603 constat
702 572 788 603 haud
811 572 904 612 longe
928 583 947 603 a
963 572 1065 612 Syrtis
1089 573 1218 604 minoris
1242 573 1304 604 oris
1328 576 1439 614 poetae
1461 574 1667 613 cogitationes

48 631 179 662 versari.
226 631 308 662 Nam
339 632 502 663 Tillibaris
532 632 563 662 in
593 631 701 662 limitis
731 632 919 672 Tripolitani
948 636 1036 673 parte
1067 632 1256 663 occidentali
1287 632 1348 664 sita
1379 643 1398 663 a
1430 633 1516 673 Syrti
1547 633 1666 664 minore

49 691 214 722 meridiem
236 701 347 722 versus
371 692 472 732 spatio
495 702 557 722 non
580 691 676 722 nimio
700 691 839 722 distabat
853 693 915 731 ¹⁷⁶).
956 692 1114 723 Talantea
1130 702 1206 723 arva
1222 692 1297 723 inde
1321 692 1406 723 haud
1430 692 1523 733 longe
1547 693 1666 725 afuisse

50 750 109 781 1001
140 751 287 791 Corippei
318 761 437 782 conexu
470 751 575 782 doceri
605 750 747 787 videtur,
782 760 852 782 011111
882 751 1045 782 Tillibaris
1074 751 1164 791 quasi
1195 751 1299 782 nutrix
1330 752 1502 783 Talanteos
1533 753 1666 793 populos

49 810 209 851 suscipere
234 810 368 842 dicatur.
415 810 486 848 Qua
509 820 541 841 re
565 810 647 841 alius
672 810 795 841 castelli
818 810 850 841 in
874 811 974 842 limite
998 811 1193 852 Tripolitano
1218 811 1323 852 positi.
1351 812 1578 843 Talalatorum.
1610 823 1667 844 no—

50 880 121 901 men
145 870 195 901 hie
219 870 317 901 latere
342 870 520 910 suspicatus
548 870 752 901 ‘Talalateis'
779 871 980 911 reposuiffl).
1030 871 1094 902 Sed
1118 871 1284 910 maiorem⁷
1312 881 1406 910 quam
1431 882 1469 902 ex
1495 872 1543 902 his
1567 873 1666 903 versi—

48 929 124 965 bus.
158 929 292 961 fructum
322 929 354 960 in
384 940 510 971 pugnae
535 929 727 960 Gallieensis
751 930 818 961 1000
841 930 1025 970 indagando
1049 941 1088 961 ex
1111 930 1167 963 iis.
1203 931 1256 970 qui
1283 931 1347 961 iam
1372 936 1559 971 sequuntur.
1595 942 1667 973 per-

47 989 192 1030 cipimus.

610 1049 797 1088 iunctasque
821 1049 900 1080 mari
923 1049 1076 1081 distendit
1099 1050 1235 1081 harenas

408 1100 509 1131 Marta
531 1100 607 1131 mali
630 1100 791 1140 genetrix,
819 1100 925 1131 tristes
949 1110 1027 1140 quos
1050 1111 1178 1132 eernere
1202 1111 1330 1141 campos

407 1151 540 1182 vitasset
564 1151 705 1182 Romana
728 1161 858 1189 manus,
886 1152 918 1182 ni
943 1152 1009 1183 fata
1032 1152 1196 1183 dedissent

406 1202 516 1233 invida
539 1212 653 1243 saepe,
681 1202 771 1233 bonis
796 1202 886 1241 lieet.
914 1203 1024 1234 ultima
1048 1214 1191 1244 rumpere
1216 1204 1279 1234 fila.

49 1271 141 1301 Certe
172 1270 290 1309 eladis.
324 1281 386 1311 qua
409 1270 568 1301 Iohannes
599 1274 770 1302 ceterorum
803 1271 941 1302 omnium
973 1272 1163 1312 proeliorum
1195 1272 1294 1303 victor
1318 1273 1475 1304 Astricum
1499 1273 1531 1304 in
1555 1274 1669 1305 finibus

50 1329 187 1361 afflictus
218 1334 282 1362 est.
318 1340 436 1361 memor
466 1334 558 1371 poeta
589 1330 646 1361 hos
676 1331 813 1371 gemitus
845 1330 950 1361 mittit.
998 1331 1077 1362 Cum
1101 1332 1201 1363 Marta
1226 1342 1242 1362 a
1268 1332 1403 1373 Corippo
1426 1333 1502 1363 mali
1526 1334 1669 1373 genetrix

49 1394 190 1429 vocetur.
219 1391 350 1429 eiusque
374 1390 531 1421 mentione
556 1400 683 1431 pugnae
707 1390 793 1421 illius
817 1390 954 1421 infelieis
978 1391 1129 1421 memoria
1153 1391 1338 1425 suseitetur,
1366 1392 1418 1422 vix
1442 1392 1536 1424 eredo
1560 1404 1671 1433 quem—

49 1460 143 1490 quam
167 1450 382 1481 dubitaturum
406 1459 488 1488 esse,
515 1449 590 1489 quin
614 1450 755 1490 proxime
779 1460 796 1481 a
821 1460 947 1491 pugnae
972 1451 1038 1481 loeo
1055 1450 1156 1481 Marta
1180 1450 1306 1482 afuerit.
1348 1452 1415 1482 Iam
1432 1462 1505 1483 vero
1522 1453 1669 1492 quoniam

49 1510 183 1540 Martam
207 1520 225 1540 a
249 1510 377 1550 Tacape
406 1510 498 1548 (nune
522 1510 661 1546 Gabesl.
696 1510 799 1550 Syrtis
822 1510 953 1541 minoris
976 1509 1091 1551 oppido
1115 1510 1296 1542 notissimo.
1332 1522 1372 1542 m.
1400 1522 1430 1552 p.
1452 1512 1481 1542 X
1505 1513 1668 1544 meridiem

48 1579 159 1600 versus
189 1569 308 1600 afuisse
339 1580 355 1600 e
385 1569 509 1600 Tabula
537 1569 771 1609 Peutingerana
801 1569 1111 1610 eomperiamusfflj.
1154 1570 1207 1601 ubi
1245 1581 1352 1611 pugna
1389 1571 1445 1602 illa
1476 1572 1668 1604 Gallieensis

49 1629 199 1660 Romanis
221 1629 358 1660 adversa
382 1629 549 1660 commissa
572 1629 622 1668 sit,
651 1629 728 1660 satis
752 1629 948 1670 exploratum
972 1633 1031 1660 est.

133 1698 202 1735 Qua
225 1697 409 1738 quaestione
432 1696 599 1737 profligata
622 1697 663 1728 ad
687 1697 782 1728 aliam
807 1697 914 1738 paullo
938 1697 1040 1738 magis
1064 1698 1241 1729 intricatam
1266 1699 1467 1730 accedamus.
1501 1700 1667 1731 Exercitus

47 1758 180 1789 Romani
203 1767 300 1798 prope
324 1757 457 1788 Martam
481 1756 555 1787 11011
578 1766 668 1797 pars.
704 1757 754 1788 eui
778 1757 937 1788 Iohannes
967 1757 1037 1798 ipse
1067 1762 1229 1798 praeerat,
1264 1759 1296 1789 in
1326 1759 1476 1800 oppidum
1508 1759 1667 1800 quoddam

47 1827 179 1859 parvum
209 1817 345 1848 vicinum
377 1825 410 1847 se
441 1816 641 1857 reeepitlw).
676 1827 750 1857 pars
780 1816 844 1848 alia
868 1816 945 1857 fuga
969 1817 1112 1857 longiore
1136 1817 1168 1848 111
1192 1818 1279 1849 aliud
1304 1819 1454 1859 oppidum
1478 1819 1578 1851 litoris
1602 1820 1668 1861 By-

48 1877 214 1917 zaceni180)
243 1877 374 1917 abrepta
391 1880 448 1914 est,
476 1876 564 1907 euius
587 1886 701 1907 nomen
724 1877 757 1907 in
781 1876 889 1908 codiee
913 1877 1112 1908 Trivultiano
1136 1877 1228 1908 modo
1246 1878 1324 1909 satis
1340 1879 1507 1919 perspicue
1536 1880 1664 1911 ‘uineil

48 1937 141 1969 modo
170 1937 215 1968 ita
245 1940 279 1967 ut
308 1940 339 1968 et
369 1936 485 1967 ‘uinci'
517 1939 548 1967 et
580 1936 696 1967 ‘iunei'
728 1936 793 1976 legi
823 1936 940 1976 possit.
975 1940 1138 1968 exaratum
1167 1938 1288 1968 estest.
1338 1938 1490 1970 Similiter
1513 1939 1667 1971 Ferrandi

138 2083 192 2112 1753»
215 2084 335 2106 Versibus
355 2082 395 2105 78.
418 2083 448 2105 79
468 2084 533 2105 inter
552 2090 577 2105 se
596 2083 753 2105 commutatis
773 2083 863 2105 melius
883 2084 957 2105 oratio
978 2084 1126 2112 procederet.

138 2131 191 2159 176)
214 2131 245 2153 It.
268 2131 327 2153 Ant.
350 2137 373 2159 p.
396 2130 435 2159 75,
459 2130 483 2155 5.
522 2130 575 2153 Not.
598 2130 674 2158 Dign.
696 2130 751 2153 Oec.
774 2130 852 2153 XXV.

138 2178 192 2207 177)
214 2179 246 2201 It.
269 2178 328 2200 Ant.
350 2185 374 2206 p.
396 2177 435 2200 76.
476 2177 530 2200 Not.
553 2177 626 2205 Dign.
650 2177 706 2200 Orc.
727 2177 819 2200 XXXI.
859 2177 921 2199 Eum
940 2178 1019 2199 locum
1040 2177 1160 2199 Talalatos
1180 2179 1303 2200 tenuisse.
1325 2185 1399 2207 quem
1419 2185 1483 2200 nunu
1505 2179 1567 2201 Ksar
1587 2180 1665 2202 Tlalet

49 2222 74 2243 in
94 2227 168 2249 regno
182 2220 310 2243 Tunetano
330 2220 483 2243 meridionali
503 2221 578 2242 situm
598 2220 644 2242 viri
664 2220 728 2242 docti
748 2220 915 2249 crediderunt,
936 2220 979 2249 qui
1000 2220 1108 2242 tabulam
1121 2220 1306 2250 geographicani
1320 2222 1419 2243 Africae
1433 2222 1549 2250 antiquae
1564 2222 1667 2245 Franco-

49 2264 162 2292 gallicam
181 2263 378 2285 delineaverunt.
418 2262 489 2285 Carte
514 2262 544 2285 de
570 2263 689 2291 l'Afrique
715 2269 771 2285 sous
796 2263 818 2284 la
843 2262 994 2285 domination
1019 2263 1061 2284 des
1083 2263 1198 2285 Romains
1224 2263 1320 2286 dress-ee
1345 2271 1375 2285 au
1396 2263 1471 2293 ‹lep-§t
1489 2264 1518 2286 de
1538 2265 1560 2287 la
1579 2272 1666 2293 guerre

50 2306 143 2336 ‹sapi-es
161 2306 196 2328 les
215 2308 319 2328 travaux
338 2305 367 2327 de
387 2305 420 2328 M.
442 2305 480 2328 Fr.
504 2306 604 2328 Lacroix
625 2312 667 2335 par
687 2305 720 2328 M.
743 2305 795 2327 Nau
814 2305 844 2327 de
864 2305 1024 2334 Ghamplouis
1049 2305 1118 2327 Paris
1140 2304 1212 2329 lSlj-l.
1253 2306 1301 2329 sed
1328 2307 1383 2329 111111·
1408 2307 1563 2329 coniecturae
1588 2309 1666 2330 nomi-

51 2356 111 2371 num
130 2351 227 2371 tantum
248 2348 412 2370 similitudine
432 2349 504 2370 nixae
524 2349 681 2370 Itinerarium
701 2354 749 2370 non
768 2349 843 2371 favet.

139 2394 193 2423 178}
217 2395 277 2418 Tab.
299 2395 369 2417 Peut.
392 2402 468 2423 segni.
490 2395 522 2417 VI
542 2395 572 2417 D⁴
613 2395 637 2418 si
661 2396 787 2417 nominum
807 2395 884 2423 magis
904 2395 1064 2417 similitudini
1085 2402 1157 2424 quam
1177 2395 1284 2418 Tabulae
1304 2396 1412 2417 numeris
1432 2396 1554 2419 consulere
1573 2397 1664 2424 liceret.

52 2439 154 2461 Martem
174 2445 222 2461 non
242 2438 273 2462 X.
295 2438 336 2460 sed
358 2438 428 2460 XXV
448 2445 480 2460 m.
502 2445 525 2467 p.
547 2438 673 2461 meridiem
692 2444 778 2460 versus
798 2445 811 2460 a
831 2437 925 2467 Tacape
945 2438 1036 2460 afuisse
1056 2438 1206 2467 suspicarer,
1230 2438 1271 2460 ubi
1292 2438 1360 2460 vicus
1381 2438 1443 2460 hand
1463 2440 1570 2467 exiguus
1589 2440 1665 2462 Maret

51 2482 115 2504 situs
135 2484 180 2506 est.
203 2481 244 2510 qui
264 2481 312 2503 13111
331 2481 404 2502 medii
424 2481 477 2503 aevi
497 2488 509 2503 3
528 2481 690 2510 scriptoribus
710 2483 865 2503 memoratur.
905 2480 991 2502 Marite
1011 2480 1075 2510 apud
1096 2480 1369 2508 Scheikh-et-Tidjani.
1392 2481 1489 2509 voyage
1508 2482 1569 2504 dans
1588 2483 1610 2504 la
1629 2483 1666 2504 ruf-

51 2530 126 2552 gence
145 2523 174 2545 de
193 2523 280 2545 Tunis.
319 2523 404 2546 Journ.
428 2524 506 2546 Asiat.
527 2523 590 2546 serie
610 2523 640 2546 V.
663 2522 728 2545 161110
748 2523 757 2545 Ι
776 2530 801 2552 p.
825 2522 879 2545 104.
920 2522 995 2545 Marts
1014 2522 1080 2551 apud
1100 2522 1181 2545 Μο1113
1201 2523 1305 2546 Ahmed.
1328 2523 1486 2552 Exploration
1507 2525 1665 2554 scientifiqne

51 2566 80 2588 de
95 2565 210 2595 l'Alge'rie
223 2566 258 2587 IX
279 2565 345 2588 Paris
362 2565 426 2589 1346
440 2574 462 2596 p.
480 2565 537 2589 267.
570 2566 685 2589 Ceterum
705 2566 798 2588 Martae
816 2568 913 2595 praeter
931 2566 1089 2593 Anonymnm
1110 2565 1278 2588 Ravennatem
1297 2566 1442 2595 scriptorum
1463 2570 1574 2589 veterum
1594 2574 1665 2590 nemo

51 2609 202 2631 mentionem
221 2609 308 2631 fecisse
328 2609 434 2635 videtur.
456 2610 503 2631 nisi
524 2610 583 2631 forte
603 2608 645 2631 hoe
665 2609 811 2638 oppidulum
830 2609 929 2631 nornine
949 2605 1081 2639 Μαρθαμά
1100 2608 1230 2630 denotatur
1249 2609 1274 2630 in
1296 2609 1401 2638 Appiani
1422 2609 1521 2632 Punicis
1542 2610 1582 2633 55.

139 2654 193 2683 179)
216 2654 268 2678 Cor.
290 2655 342 2678 loh.
366 2655 409 2677 Vll
432 2654 503 2678 1-3,

140 2702 193 2731 180,
216 2702 268 2725 Cor.
291 2702 342 2725 Ioh.
366 2703 412 2724 Vll
435 2702 490 2726 140.
512 2702 568 2725 391.
592 2701 649 2724 392.
672 2702 729 2724 VIII
749 2702 789 2724 20.
812 2701 851 2725 26.

139 2749 193 2777 181)
217 2750 271 2771 Cor.
292 2749 343 2772 Ioh.
365 2749 411 2771 VII
432 2749 476 2772 391
500 2750 576 2772 uinci.
614 2748 662 2771 47s
682 2750 747 2771 uicte
767 2749 878 2771 ensibus.
916 2748 964 2771 VII
987 2748 1041 2771 111.
1068 2747 1112 2771 1315
1133 2749 1198 2771 1111101
1218 2749 1255 2771 vel
1276 2749 1350 2771 iunci.
1391 2749 1449 2770 VIII
1470 2747 1501 2770 ‘20
1522 2749 1663 2770 1110003100)ι

51 2793 88 2815 vel
107 2792 276 2815 iuncensibus.

129 2842 247 2860 Comppvs.
1444 2848 1458 2865 Ο
