2034 3108
318 169 443 200 XXXII
1017 168 1243 195 PROOEMIYM.

320 280 490 319 Byzantios
515 280 675 319 ingressos
700 289 788 315 esse.
816 279 870 318 qui
894 279 1080 318 Byzacenae
1105 283 1134 311 et
1158 279 1375 320 Tripolitanae
1399 280 1579 320 provinciae
1602 279 1685 311 inter
1707 278 1786 311 fines
1810 284 1939 321 septen—

314 340 446 370 trionem
479 349 588 369 versus
619 338 802 378 longissime
833 347 1019 378 procurrens
1043 339 1145 378 syrtis
1176 339 1304 369 minoris
1335 348 1494 370 recessum
1527 349 1624 380 prope
1648 339 1785 379 attingit.
1834 340 1938 379 Atque

316 399 409 429 liuius
434 398 572 438 regionis
596 397 723 428 harenis
748 397 896 428 mollibus
920 401 1047 438 opertae
1073 402 1217 429 naturam
1241 398 1322 429 bene
1346 398 1500 439 Celippus
1525 398 1718 429 Iohannidos
1746 398 1825 430 libro
1849 403 1938 430 sexto

315 458 468 498 depinxit.
517 458 605 495 Quae
636 456 805 497 descriptio
829 457 985 498 Uorippea
1016 457 1047 488 in
1079 457 1199 488 nullam
1231 457 1327 488 aliam
1358 462 1477 498 partem
1507 457 1719 497 desertorum.
1754 467 1835 497 quae
1859 458 1938 489 mari

315 518 437 557 symea
461 517 564 548 vicina
589 521 677 548 sunt.
709 515 854 555 quadrat.
903 516 1036 547 Deserta
1061 516 1144 547 enim
1168 517 1386 558 Tripolitanae
1410 517 1592 558 provinciae
1617 517 1852 558 superiacentia
1876 528 1937 548 uon

315 577 488 608 harenosa.
516 576 572 608 sed
597 586 711 607 saxosa
737 580 809 606 sunt
837 576 1031 615 (Hammada's
1051 602 1056 608 .
1092 580 1218 616 tamque
1243 576 1307 607 alte
1331 586 1427 617 supra
1451 577 1615 616 planitiem
1641 577 1757 608 cultam
1780 577 1937 608 litoralem

314 637 463 668 eminent.
492 641 525 668 ut
548 646 715 668 aseensmu
740 635 891 666 exercitui
915 635 1078 667 difficilem
1104 639 1195 677 poeta
1220 635 1346 667 silentio
1369 636 1505 667 transire
1528 647 1589 667 non
1614 636 1778 677 potuisset.
1806 636 1831 667 si
1856 636 1937 668 hane

313 697 345 727 iu
370 697 529 737 regionem
554 696 712 727 Iohannes
736 705 924 735 progressus
948 699 1041 727 esset.
1083 695 1152 733 Quo
1176 705 1275 734 usque
1299 695 1465 726 meridiem
1488 706 1599 727 versus
1623 696 1654 726 in
1678 695 1804 727 deserta
1827 696 1856 727 el
1873 696 1938 735 Erg-

315 757 461 797 Byzantii
485 755 729 797 penetraverint.
757 755 956 794 ignoramus.
987 755 1136 794 quoniam
1160 764 1262 794 neque
1285 754 1408 786 itineris
1432 755 1664 795 longitudinem
1687 765 1789 795 neque
1814 755 1936 786 dierum

313 826 478 847 numerum
502 819 593 856 poeta
618 814 745 845 indicat.
784 813 907 845 (lortius
931 815 1029 845 multo
1053 814 1092 846 de
1117 815 1178 846 situ
1203 815 1351 851 loeorum,
1379 814 1493 854 quibus
1517 814 1674 846 exereitus
1698 814 1825 846 rediens
1850 825 1936 846 oram

313 875 503 907 maritimam
527 875 679 915 attigerit.
706 872 857 905 iudicium
881 874 962 905 ferre
987 874 1070 905 lieet.
1113 874 1270 905 Iohannes
1294 873 1377 904 enim
1402 873 1455 905 ubi
1476 874 1610 914 primum
1627 874 1667 904 ad
1685 874 1777 905 litora
1793 874 1932 911 devenit.

313 936 424 966 rastris
455 935 540 966 iuxta
572 934 689 966 flumen
712 936 871 975 quoddam
896 933 1007 974 positis
1031 933 1157 974 oppidis
1181 933 1346 964 maritimis
1371 933 1563 964 frumentum
1587 934 1737 974 imperat7
1772 933 1856 973 quod
1879 944 1938 965 ua-

312 995 404 1025 tibus
428 995 457 1025 111
483 998 585 1025 eastra
611 995 798 1026 advehatur.
847 994 910 1025 sed
934 993 1036 1024 ventis
1061 993 1205 1025 adversis
1228 1003 1327 1024 naves
1352 993 1499 1033 repulsae
1525 993 1714 1024 detinentur.

316 1064 378 1094 loli.
409 1063 448 1093 VI
474 1064 532 1093 :337
668 1063 821 1094 adversos
845 1062 984 1093 habuere
1009 1062 1118 1092 Notos.
1168 1061 1231 1092 fors
1255 1061 1333 1092 dura
1358 1061 1487 1101 negavit

672 1114 831 1155 puppibus
854 1123 1028 1153 aequoreas
1053 1113 1133 1144 velis
1158 1112 1292 1143 transire
1312 1121 1372 1152 per
1396 1112 1517 1143 undas:

672 1165 815 1205 proxima
841 1164 989 1195 seiunxit.

313 1234 368 1265 llis
386 1244 401 1264 e
420 1233 564 1264 versibus
588 1233 700 1264 elucet.
729 1233 802 1264 inde
819 1243 836 1263 a
854 1232 1005 1263 Iohannis
1030 1232 1141 1262 eastris
1165 1241 1251 1262 oram
1275 1231 1475 1270 maritimam,
1504 1231 1552 1261 eui
1570 1231 1664 1261 urbes
1681 1231 1756 1262 illae
1774 1233 1935 1273 proximae

312 1293 477 1334 impositae
502 1297 624 1331 essent.
653 1292 899 1333 septentrionem
923 1301 1033 1322 versus
1057 1301 1090 1322 se
1115 1290 1316 1322 extendisse.
1348 1294 1451 1322 eastra
1474 1290 1572 1330 igitur
1595 1300 1655 1321 non
1681 1291 1782 1331 Syrtis
1806 1292 1935 1323 maioris

312 1354 344 1384 in
368 1353 429 1383 oris
454 1352 554 1393 posita
580 1352 689 1383 fuisse.
718 1362 798 1391 quae
822 1352 862 1382 ab
886 1351 1005 1382 oriente
1030 1351 1095 1381 sole
1119 1350 1315 1381 occidentem
1340 1360 1451 1381 versus
1475 1349 1614 1381 directae
1639 1354 1722 1389 sunt,
1751 1351 1807 1382 sed
1832 1351 1934 1392 Syrtis

312 1413 442 1443 minoris
465 1413 497 1443 in
521 1412 601 1442 sinu.
630 1411 682 1442 ubi
700 1411 900 1451 Byzacenum
925 1410 1000 1441 litus
1024 1410 1269 1450 septentrionem
1294 1413 1400 1450 petere
1424 1409 1547 1450 incipit.
1588 1409 1747 1441 Firmatur
1766 1410 1845 1442 haee
1862 1420 1937 1442 eon—

310 1472 412 1503 elusio
436 1472 581 1503 versibus
605 1471 861 1511 insequentibus.
897 1470 1028 1510 quibus.
1063 1469 1152 1500 euius
1177 1468 1285 1509 populi
1309 1469 1339 1499 111
1364 1468 1479 1500 finibus
1504 1472 1606 1500 eastra
1630 1469 1782 1501 Iohannis
1806 1469 1932 1509 fuerint7

314 1532 494 1563 edocemur.

673 1598 813 1629 Astriees
836 1597 901 1628 illis
926 1597 1020 1636 longo
1044 1597 1107 1627 iam
1131 1599 1271 1636 tempore
1295 1596 1387 1626 terris

674 1649 839 1680 horrentes
863 1648 1000 1679 habuere
1025 1647 1146 1678 domos.

315 1720 375 1758 Qui
401 1718 540 1750 Astriees
564 1717 650 1748 haud
674 1717 767 1748 dubie
793 1716 894 1757 Syrtis
919 1715 1047 1746 minoris
1071 1718 1144 1746 tune
1167 1724 1254 1747 oras.
1289 1714 1403 1754 quibus
1428 1715 1601 1746 Ptolemaei
1632 1716 1694 1747 iam
1724 1720 1864 1757 tempore
1889 1718 1937 1749 vi-

315 1779 377 1810 eini
401 1779 540 1810 fuerant.
568 1777 758 1808 incolebant.
806 1777 917 1816 Pugna
942 1775 1042 1814 enim⁷
1070 1784 1131 1813 qua
1156 1784 1262 1805 eorum
1286 1774 1317 1804 in
1342 1774 1456 1805 finibus
1480 1784 1497 1805 a
1523 1775 1634 1806 eastris
1658 1776 1815 1816 prioribus
1839 1788 1936 1818 parvo

315 1839 426 1870 itinere
452 1838 615 1878 digressus
628 1838 672 1874 ¹⁷³³!
704 1835 861 1867 Iohannes
885 1846 902 1865 a
928 1835 1046 1866 Mauris
1071 1834 1172 1865 vietus
1197 1837 1261 1865 est.
1296 1836 1379 1864 eerte
1411 1834 1500 1864 iuxta
1524 1834 1611 1865 sinus
1636 1834 1729 1866 huius
1752 1836 1827 1867 litus
1851 1847 1938 1868 eom-

317 1898 413 1929 missa
430 1902 486 1928 est.
529 1896 727 1936 Quamquam
744 1905 857 1926 nomen
874 1894 1013 1925 fluminis
1029 1894 1126 1924 illius.
1147 1893 1235 1924 cuius
1251 1892 1283 1923 in
1300 1892 1375 1933 ripis
1392 1893 1579 1933 proeliatum
1597 1897 1653 1926 est.
1675 1894 1858 1934 ignoramus
1870 1897 1933 1936 ¹⁷⁴),

315 1963 420 1989 tamen
444 1957 547 1987 vieum
571 1956 622 1986 vel
646 1955 806 1995 regionem
831 1954 1006 1994 proximam
1030 1956 1121 1993 po‘e'ta
1145 1952 1328 1983 nominavit.

316 2026 358 2055 ΥΙ
382 2026 443 2055 485
1217 2020 1379 2059 collesque
1402 2020 1559 2060 malignos

674 2074 772 2105 tristis
798 2077 828 2104 et
851 2072 1006 2104 infaustos
1030 2072 1225 2103 monstrabat
1248 2071 1373 2102 Gallica
1397 2081 1537 2112 campos.

316 2147 398 2175 Sane
430 2144 487 2174 hoe
519 2143 586 2173 solo
610 2151 703 2172 versu
728 2150 804 2171 usus
827 2150 866 2171 ne
891 2140 1118 2180 sagacissimus
1142 2139 1286 2179 quidem.
1321 2139 1373 2170 ubi
1397 2139 1522 2171 Gallica
1545 2140 1601 2171 illa
1624 2140 1733 2179 fuerit.
1770 2143 1935 2183 explorare

316 2204 427 2244 possit.
475 2202 539 2233 bed
569 2204 799 2242 peropportune
830 2199 1023 2230 Iohannidos
1054 2199 1126 2230 libri
1156 2198 1286 2230 secundi
1320 2199 1406 2229 loeus
1441 2199 1481 2238 (Il
1506 2200 1639 2240 77—83)
1677 2201 1840 2235 subvenit.
1874 2213 1935 2243 quo

316 2266 409 2304 poeta
433 2261 593 2292 infelicem
617 2260 698 2291 hane
715 2259 864 2290 Iohannis
888 2258 1123 2299 expeditionem
1144 2257 1298 2298 deplorat.
1339 2257 1477 2288 Primum
1495 2258 1553 2290 hoe
1568 2269 1691 2299 quoque
1709 2260 1775 2292 loeo
1792 2261 1936 2294 Gallicae

317 2325 405 2363 poeta
432 2320 621 2352 mentionem
646 2319 732 2350 facit.
759 2328 853 2358 quam
877 2318 1017 2349 Romano
1040 2328 1112 2348 mox
1136 2317 1291 2357 sanguine
1315 2317 1470 2357 pollutum
1494 2318 1532 2349 iri
1555 2318 1720 2359 praedicit.

676 2387 707 2417 ΙΙ
732 2388 769 2416 77
801 2386 940 2417 immittit
962 2386 1082 2426 polluta
1107 2385 1190 2416 viros
1213 2396 1284 2416 mox
1309 2385 1433 2416 Gallica
1457 2386 1572 2417 tristes.

406 2542 458 2570 173]
483 2541 536 2564 Cor.
561 2541 609 2563 loh.
634 2541 665 2563 Vl
685 2540 828 2563 «182-486Δ

407 2584 459 2612 1747
484 2584 544 2606 Mira
564 2584 696 2611 sagacitate
717 2583 827 2605 Tauxier
847 2583 956 2604 [luminis
977 2582 1050 2604 huius
1071 2589 1159 2604 nomeu
1179 2583 1306 2604 iuvenisse
1325 2582 1371 2604 sibi
1392 2582 1459 2604 visus
1478 2586 1522 2604 est.
1563 2582 1672 2611 Puguam
1693 2584 1759 2605 enim
1779 2585 1933 2607 commissam

317 2634 370 2649 esse
390 2627 450 2649 dicit
479 2627 506 2647 *a
526 2625 706 2647 l'embouchure
726 2624 757 2647 du
778 2626 839 2654 petit
859 2625 939 2646 tleuve
961 2625 1076 2652 L>aeusl
1117 2625 1177 2647 Acie
1197 2624 1360 2647 Romanorum
1381 2624 1406 2646 111
1427 2624 1509 2653 fugam
1529 2631 1646 2647 conversa
1665 2626 1786 2649 lohannes
1815 2627 1854 2649 ‘se
1870 2628 1935 2655 jette

316 2670 375 2691 dans
395 2675 443 2691 une
463 2668 541 2698 petite
561 2668 662 2690 redoute
681 2667 764 2689 &lev-§e
783 2673 832 2689 aux
852 2666 959 2689 bouches
978 2667 1012 2689 1111
1034 2667 1150 2694 Lyaeus‘.
1184 2666 1243 2690 Rev,
1260 2667 1312 2689 Ast.
1330 2666 1376 2688 XX
1401 2666 1463 2689 1876
1483 2674 1506 2696 p.
1523 2666 1580 2689 297.
1616 2667 1649 2689 Ne
1669 2674 1742 2697 quem
1761 2668 1847 2696 fugiat.
1870 2669 1936 2692 unde

318 2713 379 2734 hanc
400 2712 513 2734 notitiam
535 2711 570 2732 vir
590 2710 676 2733 doctus
695 2709 813 2737 hauserit.
836 2709 944 2731 adscribo
966 2709 1111 2731 loliaunidos
1129 2709 1185 2731 libri
1204 2710 1251 2731 Vll
1271 2717 1293 2733 v.
1318 2709 1354 2731 10.
1381 2709 1406 2731 ll

728 2752 870 2781 perripiunt
890 2752 972 2780 epuli<
993 2759 1078 2780 parvas
1098 2755 1151 2781 post
1171 2755 1279 2780 tempora
1299 2753 1378 2776 vires,

729 2794 912 2822 laetilicumque
933 2794 1021 2816 bibunt
1041 2797 1095 2823 post
1115 2795 1196 2816 tristia
1215 2794 1277 2816 bella
1298 2794 1413 2821 Lyaeum.
